4082 5700
314 552 474 612 gustini
509 544 554 604 de
598 544 678 604 vita
722 547 909 607 xpiana.
970 544 1042 604 22.
1068 540 1290 600 [CRist청
1326 541 1486 601 vnctuz
1521 539 1779 599 interptari.

305 610 521 670 sapientuz
593 600 636 660 et
665 604 838 664 fideliuz
860 607 1004 667 nullus
1040 600 1220 660 ignorat
1249 600 1292 660 ..
1314 600 1328 660 .
1393 596 1487 656 17째.
1515 600 1544 660 l.
1567 600 1617 660 27
1638 600 1653 660 :
1674 604 1760 664 ...

319 672 421 732 vitam
475 664 694 724 obtinebit
732 660 874 720 eterna
928 663 1124 723 explicit
1155 660 1272 720 liber
1295 664 1420 724 beati
1444 660 1678 720 augustini
1702 658 1756 718 de

315 732 390 792 vita
425 728 618 788 xpiana.

364 823 523 883 Quarto.
578 815 634 875 Jas
662 808 738 868 b10.
807 820 848 880 18
884 820 1036 880 leaves,
1064 816 1126 876 the
1154 816 1230 876 last
1265 816 1403 876 blank.
1458 811 1500 871 22
1513 808 1528 868 :
1569 815 1611 875 28
1653 816 1763 876 lines,

315 872 372 932 128
391 871 403 931 x
428 868 467 928 77
486 872 581 932 mm.
625 864 757 924 Type:
782 868 852 928 91.
890 864 1035 924 Three-
1054 868 1124 928 and
1149 864 1319 924 four-line
1351 864 1483 924 spaces
1509 864 1559 924 for
1585 864 1767 924 capitals.

317 920 500 980 Hyphens
523 920 671 980 outside
694 916 753 976 the
777 920 894 980 lines.

370 1012 449 1072 215
473 1012 489 1072 X
528 1008 600 1068 143
639 1008 759 1068 mm.
814 1008 1035 1068 Capitals,
1068 1005 1441 1065 initial-strokes,
1464 1002 1551 1062 and
1598 1000 1757 1060 under-

309 1070 421 1130 lines
450 1070 651 1130 supplied
696 1068 733 1128 in
777 1067 881 1127 red.

372 1170 462 1230 The
493 1165 584 1225 title
606 1168 681 1228 has
705 1168 811 1228 been
841 1168 1007 1228 written
1038 1164 1159 1224 twice
1189 1164 1287 1224 over
1310 1164 1356 1224 on
1393 1162 1462 1222 12;
1492 1160 1544 1220 on
1583 1163 1620 1223 22
1643 1160 1674 1220 is
1696 1160 1757 1220 the

310 1232 402 1292 note
437 1232 465 1292 in
502 1231 544 1291 an
579 1231 693 1291 early
729 1228 877 1288 hand:
906 1228 1034 1288 huius
1062 1224 1169 1284 libri
1190 1224 1361 1284 phrasis
1389 1224 1452 1284 est
1474 1224 1523 1284 pq
1574 1224 1773 1284 elegans.

1568 1324 1668 1384 IA.
1686 1326 1778 1386 85.

375 1326 556 1386 Bought
580 1328 620 1388 in
651 1328 871 1388 January,
895 1328 1029 1388 1839.

318 1468 862 1528 AUGUSTINUS.
900 1468 976 1528 De
1004 1468 1129 1528 Arte
1166 1468 1548 1528 Praedicandi.
1567 1468 1748 1528 [Book

389 1550 442 1610 IV
497 1552 550 1612 of
576 1552 657 1612 the
693 1548 774 1608 De
809 1552 1069 1612 Doctrina
1114 1548 1445 1608 Christiana.

1104 1630 1309 1690 Before
1350 1632 1556 1692 March,
1587 1632 1741 1692 1467.

382 1718 422 1778 18
463 1720 579 1780 (red)
599 1720 613 1780 :
661 1720 810 1780 Canon
858 1722 933 1782 pro
987 1720 1375 1780 recomendatione
1430 1720 1559 1780 huius
1600 1720 1770 1780 famosi

324 1784 455 1844 operis
490 1784 580 1844 siue
622 1784 768 1844 libelli
795 1784 927 1844 seque
975 1782 1045 1842 tis,
1079 1783 1128 1843 de
1176 1780 1266 1840 arte
1314 1780 1578 1840 predicandi
1619 1780 1765 1840 sancti

322 1844 559 1904 augustini.
624 1838 681 1898 22.
710 1838 746 1898 l.
775 1840 818 1900 25
847 1843 861 1903 :
897 1843 962 1903 ..
991 1840 1005 1900 .
1042 1844 1242 1904 Explicit
1279 1840 1466 1900 plogus.
1523 1837 1588 1897 2b.
1617 1840 1769 1900 blank.

325 1897 381 1957 32.
416 1900 565 1960 HJOc
593 1901 707 1961 opus
742 1900 890 1960 nostru
933 1900 982 1960 qo
1018 1900 1216 1960 inscribit
1258 1900 1308 1960 de
1343 1900 1542 1960 doctrina
1577 1900 1769 1960 xpiana.

327 1960 354 2020 in
387 1964 460 2024 duo
494 1964 654 2024 quedaz
674 1960 794 2020 fueram
820 1962 954 2022 prima
987 1960 1254 2020 distribucone
1288 1960 1494 2020 partitus.
1528 1952 1621 2012 172.
1641 1956 1674 2016 l.
1688 1960 1761 2020 10:

321 2028 401 2088 ...
423 2024 605 2084 Explic.
620 2020 744 2080 qrtus
825 2020 869 2080 de
905 2022 1102 2082 doctrina
1139 2020 1329 2080 xpiana.
1351 2019 1489 2079 Beati
1511 2016 1766 2076 Augustini

325 2084 536 2144 episcopi.
593 2072 685 2132 17째.
706 2080 988 2140 ACcendit
1016 2080 1193 2140 auditou
1221 2080 1412 2140 mentes.
1447 2080 1652 2140 ardenter
1673 2080 1758 2140 dic챕

322 2146 402 2206 ...
461 2140 796 2200 20b.1.41:...
818 2144 1023 2204 Explicit
1045 2140 1220 2200 tabula.
1272 2140 1366 2200 212.
1373 2140 1535 2200 blank.
1578 2138 1674 2198 21b.
1696 2139 1761 2199 De

317 2204 451 2264 tribus
497 2200 718 2260 precipuis
759 2196 940 2256 operib쨩
986 2200 1301 2260 predicatoris.
1389 2197 1483 2257 222.
1529 2196 1596 2256 De
1650 2200 1763 2260 trib쨩

329 2260 519 2320 generib쨩
555 2260 731 2320 dicendi
759 2263 887 2323 quib쨩
922 2260 993 2320 vti
1021 2260 1155 2320 debet
1190 2260 1416 2320 prdicator.
1473 2260 1586 2320 ibid.
1607 2260 1650 2320 ad
1692 2258 1778 2318 fin.

324 2323 477 2383 Adhuc
518 2320 636 2380 plura
678 2320 726 2380 de
768 2323 851 2383 illis
886 2323 997 2383 tribz
1018 2320 1226 2380 generibz
1254 2320 1379 2380 .vide.
1406 2320 1434 2380 in
1469 2320 1621 2380 tabula
1656 2320 1774 2380 libri.

324 2380 365 2440 sb
398 2380 467 2440 lris
494 2380 507 2440 z
534 2377 684 2437 termis
718 2383 806 2443 suis
881 2380 963 2440 vbi
990 2380 1248 2440 Submissum
1302 2380 1465 2440 genus.
1493 2378 1758 2438 Temperat체

323 2440 479 2500 genus.
494 2443 541 2503 ac
572 2441 743 2501 Grande
774 2439 915 2499 genus
938 2440 1157 2500 habentur
1188 2442 1250 2502 tc.
1305 2440 1398 2500 22P.
1429 2440 1585 2500 blank.

370 2532 494 2592 Folio.
531 2530 593 2590 [al
630 2524 699 2584 b'2.
766 2528 804 2588 22
835 2532 983 2592 leaves.
1033 2532 1101 2592 1째:
1126 2532 1163 2592 40
1188 2536 1306 2596 lines,
1324 2533 1417 2593 184X
1442 2536 1634 2596 IIImm.
1684 2528 1746 2588 2ob

327 2584 367 2644 41
401 2584 514 2644 lines,
543 2580 639 2640 189X
668 2583 730 2643 115
759 2583 855 2643 mm.
906 2582 1013 2642 Two-
1042 2581 1116 2641 and
1150 2584 1303 2644 six-line
1337 2584 1467 2644 spaces
1502 2580 1558 2640 for
1598 2584 1774 2644 capitals.

339 2631 469 2691 Types:
492 2628 554 2688 91,
565 2629 662 2689 text;
691 2630 776 2690 118,
793 2631 889 2691 index
923 2632 1100 2692 numbers
1122 2632 1191 2692 and
1219 2632 1400 2692 headings
1429 2632 1463 2692 on
1491 2632 1616 2692 leaves
1645 2632 1775 2692 21,22.

333 2677 410 2737 Two
435 2684 625 2744 pinholes,
637 2680 675 2740 at
695 2680 815 2740 sides.
865 2680 967 2740 Hain
998 2680 1131 2740 '1957.

376 2756 410 2816 In
445 2756 504 2816 his
550 2756 672 2816 canon
712 2759 777 2819 pro
817 2760 1154 2820 recomendatione
1195 2760 1305 2820 huius
1340 2759 1479 2819 famosi
1514 2759 1671 2819 operis'
1706 2756 1763 2816 the

327 2805 554 2865 anonymous
593 2804 721 2864 editor
755 2807 871 2867 states
915 2806 998 2866 that
1031 2808 1126 2868 after
1165 2808 1360 2868 diligently
1398 2808 1576 2868 collating
1620 2808 1676 2868 all
1703 2806 1764 2866 the

327 2852 447 2912 copies
469 2852 509 2912 he
532 2852 634 2912 could
662 2852 731 2912 find
765 2852 804 2912 at
827 2856 1082 2916 Heidelberg,
1099 2856 1248 2916 Speier,
1265 2856 1429 2916 Worms,
1446 2856 1515 2916 and
1543 2856 1582 2916 at
1599 2856 1673 2916 last
1690 2855 1764 2915 also

327 2903 364 2963 at
386 2900 592 2960 Strassburg
624 2903 771 2963 (tandem
814 2902 905 2962 etiam
949 2900 976 2960 in
1003 2903 1241 2963 argentina),
1258 2904 1301 2964 he
1333 2904 1474 2964 desired
1512 2904 1544 2964 to
1571 2904 1680 2964 make
1707 2903 1761 2963 the

324 2948 507 3008 improved
546 2948 624 3008 text
652 2952 836 3012 available
880 2948 936 3008 for
969 2951 1030 3011 the
1064 2948 1125 3008 use
1158 2952 1203 3012 of
1225 2955 1397 3015 students
1414 2952 1431 3012 :
1470 2954 1548 3014 Qua
1587 2952 1703 3012 ppter.
1725 2950 1764 3010 c첫

324 2996 416 3056 nullo
444 2997 508 3057 alio
536 3000 644 3060 modo
678 3000 753 3060 siue
781 3000 928 3060 medio.
950 3000 982 3060 id
1010 3000 1228 3060 expedicius
1255 3003 1337 3063 fieri
1358 3000 1462 3060 posse
1494 3004 1680 3064 iudicare.
1696 2998 1773 3058 dis짭

324 3044 419 3104 creto
457 3047 530 3107 viro
563 3048 730 3108 lohanni
747 3050 824 3110 fust
852 3048 975 3108 incole
1002 3048 1270 3108 mag청tinensi
1292 3052 1531 3112 impressorie
1558 3052 1648 3112 artis
1670 3048 1770 3108 mgro

324 3092 443 3152 modis
481 3096 628 3156 omnibz
660 3096 813 3156 psuasi,
872 3093 1063 3153 quatenus
1100 3097 1154 3157 ipe
1198 3100 1345 3160 assum챕
1388 3100 1568 3160 dignaret
1600 3100 1698 3160 onus
1736 3096 1774 3156 et

330 3142 512 3202 laborem.
540 3148 823 3208 multiplicandi
851 3148 918 3208 huc
951 3145 1100 3205 libellum
1161 3148 1228 3208 per
1261 3148 1339 3208 viam
1394 3151 1677 3211 impressionis,
1705 3148 1777 3208 &c.

338 3188 405 3248 The
436 3192 529 3252 same
565 3196 705 3256 words,
741 3195 933 3255 however,
959 3195 1041 3255 with
1078 3196 1135 3256 the
1176 3196 1233 3256 use
1269 3198 1311 3258 of
1337 3196 1393 3256 the
1435 3196 1543 3256 name
1585 3196 1766 3256 Mentelin

327 3240 465 3300 instead
493 3240 532 3300 of
549 3242 659 3302 Fust,
676 3244 787 3304 occur
809 3244 837 3304 in
870 3244 1086 3304 Mentelin's
1108 3244 1175 3304 two
1202 3248 1363 3308 undated
1391 3248 1568 3308 editions,
1590 3248 1657 3308 and
1690 3248 1718 3308 it
1740 3245 1768 3305 is

331 3290 500 3350 probable
527 3290 596 3350 from
649 3294 702 3354 the
734 3296 866 3356 phrase
908 3296 1052 3356 tandem
1099 3296 1195 3356 etiam
1242 3296 1269 3356 in
1306 3296 1529 3356 argentina'
1545 3296 1629 3356 that
1650 3295 1677 3355 it
1698 3292 1772 3352 was

324 3337 367 3397 at
394 3340 606 3400 Strassburg
644 3343 725 3403 that
752 3344 812 3404 the
844 3344 937 3404 book
975 3341 1045 3401 was
1078 3343 1159 3403 first
1186 3343 1246 3403 set
1273 3344 1338 3404 up.
1387 3344 1463 3404 The
1495 3344 1572 3404 fact
1599 3344 1686 3404 that
1707 3342 1767 3402 the

332 3384 422 3444 table
462 3385 502 3445 on
541 3387 627 3447 21째,
661 3384 723 3444 222
763 3388 802 3448 of
837 3390 962 3450 Fust's
996 3392 1138 3452 edition
1178 3392 1206 3452 is
1246 3392 1314 3452 not
1348 3392 1462 3452 found
1507 3392 1535 3452 in
1581 3392 1700 3452 either
1740 3388 1779 3448 of

334 3436 567 3496 Mentelin's,
589 3440 670 3500 may
713 3436 751 3496 be
784 3440 892 3500 taken
929 3439 973 3499 as
1006 3438 1184 3498 evidence
1222 3440 1335 3500 either
1369 3440 1423 3500 for
1460 3440 1503 3500 or
1536 3440 1693 3500 against
1720 3438 1769 3498 its

332 3480 496 3540 priority.
558 3488 632 3548 But
655 3488 712 3548 the
746 3488 860 3548 stress
894 3488 962 3548 laid
990 3488 1030 3548 on
1064 3488 1093 3548 it
1121 3488 1149 3548 in
1178 3488 1404 3548 Schoeffer's
1428 3488 1620 3548 catalogue
1649 3488 1689 3548 of
1711 3489 1768 3549 the

332 3532 445 3592 books
479 3534 519 3594 he
558 3535 626 3595 had
666 3535 723 3595 for
757 3536 830 3596 sale
876 3536 932 3596 (c.
955 3537 1086 3597 1469),
1131 3535 1215 3595 Item
1273 3537 1482 3597 Augustini
1516 3540 1556 3600 de
1601 3536 1765 3596 doctrina

331 3580 485 3640 xpiana,
507 3581 575 3641 cum
626 3584 751 3644 tabula
790 3584 955 3644 notabili
984 3584 1199 3644 pedicantibo
1227 3588 1347 3648 multu
1386 3587 1545 3647 pficua,'
1573 3584 1698 3644 seems
1738 3584 1766 3644 to

327 3626 418 3686 show
453 3630 532 3690 that
549 3632 577 3692 it
595 3632 668 3692 was
691 3632 731 3692 an
759 3633 924 3693 addition
952 3632 993 3692 on
1021 3633 1135 3693 which
1169 3632 1208 3692 he
1236 3636 1362 3696 prided
1391 3636 1561 3696 himself,
1578 3636 1640 3696 and
1675 3632 1771 3692 there

331 3676 358 3736 is
380 3676 423 3736 no
450 3679 570 3739 reason
603 3680 678 3740 why
705 3680 733 3740 if
760 3684 939 3744 Mentelin
971 3680 1058 3740 were
1085 3683 1145 3743 the
1172 3684 1340 3744 imitator
1367 3684 1406 3744 he
1438 3684 1563 3744 should
1595 3684 1661 3744 not
1682 3683 1774 3743 have

327 3724 452 3784 copied
486 3728 555 3788 this
583 3728 685 3788 also.
730 3732 771 3792 In
805 3732 1032 3792 Schoeffer's
1060 3731 1259 3791 catalogue
1293 3732 1368 3792 this
1396 3732 1424 3792 is
1458 3732 1515 3792 the
1543 3732 1618 3792 fifth
1652 3732 1691 3792 of
1714 3729 1771 3789 the

332 3772 553 3832 twenty-one
582 3776 701 3836 books
724 3780 957 3840 advertized.
1008 3780 1088 3840 The
1110 3780 1269 3840 position
1298 3780 1474 3840 supports
1503 3784 1559 3844 the
1588 3782 1662 3842 view
1702 3780 1781 3840 that

331 3823 359 3883 it
381 3820 459 3880 may
492 3824 580 3884 have
614 3828 697 3888 been
736 3828 875 3888 printed
908 3828 1008 3888 early
1041 3828 1069 3888 in
1102 3828 1164 3888 the
1191 3828 1341 3888 sixties,
1357 3828 1424 3888 but
1447 3831 1507 3891 the
1541 3832 1768 3892 press-mark

332 3869 430 3929 given
460 3870 488 3930 it
506 3868 546 3928 by
575 3874 651 3934 Mr.
668 3879 825 3939 Proctor
842 3880 1017 3940 suggests
1045 3880 1127 3940 that
1144 3880 1185 3940 he
1208 3876 1370 3936 believed
1405 3880 1498 3940 Fust
1515 3880 1545 3940 to
1573 3880 1667 3940 have
1690 3879 1770 3939 been

335 3920 391 3980 the
420 3922 585 3982 original
599 3926 757 3986 printer.

393 4006 466 4066 286
488 4008 504 4068 x
540 4012 613 4072 204
636 4016 752 4076 mm.
811 4019 1032 4079 Capitals,
1053 4016 1500 4076 paragraph-marks,
1515 4020 1581 4080 and
1618 4016 1779 4076 initial짭

337 4069 504 4129 strokes
527 4072 716 4132 supplied
754 4076 784 4136 in
823 4076 921 4136 red.

403 4168 663 4228 Cracherode
691 4175 832 4235 copy.
887 4180 1092 4240 (Bought
1120 4180 1158 4240 in
1194 4177 1343 4237 1799.)

1601 4175 1684 4235 IB.
1702 4176 1787 4236 88.

344 4311 589 4371 Another
620 4316 784 4376 copy.

396 4408 479 4468 291
494 4411 516 4471 x
546 4416 622 4476 207
652 4420 765 4480 mm.
825 4420 863 4480 In
909 4422 999 4482 this
1029 4422 1142 4482 copy
1187 4420 1202 4480 a
1247 4420 1376 4480 space
1421 4420 1482 4480 for
1512 4420 1534 4480 a
1572 4420 1768 4480 two-line

341 4469 505 4529 capital
531 4476 566 4536 is
600 4476 679 4536 left
705 4478 756 4538 at
791 4472 852 4532 1e.
878 4480 930 4540 Il.
947 4481 991 4541 3,
1008 4484 1060 4544 4,
1077 4484 1147 4544 the
1181 4480 1329 4540 initial
1346 4480 1372 4540 C
1406 4480 1537 4540 being
1571 4480 1779 4540 omitted.

345 4530 550 4590 Capitals,
584 4537 1030 4597 paragraph-marks,
1064 4541 1142 4601 and
1193 4540 1536 4600 initial-strokes
1570 4540 1766 4600 supplied

332 4580 367 4640 in
402 4591 499 4651 red.
552 4594 685 4654 Green
720 4600 923 4660 morocco
958 4600 1011 4660 by
1047 4600 1196 4660 Roger
1223 4600 1390 4660 Payne.

402 4688 508 4748 King
547 4696 711 4756 George
750 4700 856 4760 III's
885 4700 992 4760 copy
1021 4704 1099 4764 (C.
1118 4704 1194 4764 10.
1214 4704 1253 4764 c.
1272 4704 1368 4764 18).

1596 4704 1684 4764 IB.
1704 4707 1793 4767 89.

1824 544 2244 604 FRIEDRICH
2301 540 2416 600 III.
2483 540 2902 600 [Confirmation
2951 536 3008 596 of
3036 536 3123 596 the
3161 535 3286 595 sen짭

1893 623 2042 683 tence
2095 622 2157 682 of
2192 624 2535 684 deprivation
2588 620 2781 680 passed
2834 620 2975 680 upon
3046 619 3274 679 Diether

1893 703 1989 763 von
2032 704 2319 764 Isenburg,
2345 704 2693 764 Archbishop
2736 702 2789 762 of
2815 700 3023 760 Mainz.
3085 696 3277 756 Gretz.

1897 777 1915 837 8
1960 784 2192 844 August,
2227 784 2406 844 1461.)

3077 780 3287 840 [1461.)

1913 868 2040 928 WIIr
2061 868 2280 928 friederich
2316 868 2386 928 von
2422 866 2556 926 gottis
2577 868 2775 928 gnaden.
2797 864 3065 924 Romischer
3094 861 3285 921 Keyser.

1828 932 1872 992 zu
1916 931 2028 991 allen
2073 928 2236 988 czitten
2289 928 2430 988 merer
2467 927 2549 987 des
2593 927 2779 987 Riches.
2809 924 2854 984 zu
2898 922 3114 982 Hungern
3166 923 3277 983 Dal짭

1832 992 1991 1052 macien
2040 988 2247 1048 Croacien
2295 988 2364 1048 ic.
2393 988 2544 1048 Konig
2655 987 2849 1047 Hertzog
2897 983 2939 1043 zu
2981 984 3168 1044 osterich
3223 984 3264 1044 zu

1837 1048 1960 1108 Steyr
2000 1052 2048 1112 zu
2089 1051 2300 1111 Kernden
2349 1048 2430 1108 vnd
2478 1048 2525 1108 zu
2573 1044 2730 1104 Crain.
2764 1042 2901 1102 graue
2948 1040 2989 1100 zu
3043 1043 3187 1103 Tyrol
3221 1042 3290 1102 ic.

1829 1112 2037 1172 Enbiette
2080 1108 2195 1168 allen
2245 1105 2325 1165 vnd
2367 1108 2555 1168 iglichen
2604 1104 2870 1164 Korfursten
2913 1101 3100 1161 Fursten
3143 1100 3279 1160 geist짭

1828 1171 1964 1231 lichen
2094 1168 2175 1228 vnd
2216 1168 2502 1228 werntlichen
2557 1162 2754 1222 Prelaten
2802 1160 2972 1220 Grauen
3019 1162 3033 1222 .
3061 1164 3074 1224 .
3108 1164 3122 1224 .
3149 1160 3278 1220 vnser

1834 1231 1970 1291 gnade
1997 1232 2073 1292 vnd
2100 1227 2202 1287 alles
2222 1224 2325 1284 gut.
2352 1226 2474 1286 1.27:
2494 1224 2570 1284 ...
2583 1224 2726 1284 Geben
2761 1224 2822 1284 czu
2856 1220 2986 1280 Gretz
3006 1223 3088 1283 mit
3108 1223 3251 1283 vnserm

1835 1289 2151 1349 Keyserlichem
2215 1287 2552 1347 uffgedrugthem
2624 1280 2869 1340 Ingesiegil
2904 1280 3041 1340 besie짭
3077 1277 3170 1337 gelt
3206 1280 3249 1340 am

1829 1352 2062 1412 sampfdag
2114 1348 2194 1408 vor
2237 1348 2340 1408 sant
2383 1344 2720 1404 Laurenczedag
2771 1344 2895 1404 Nach
2938 1340 3077 1400 Cristi
3114 1338 3281 1398 geburt

1834 1408 2289 1468 vierczehenhondert
2309 1408 2384 1468 vnd
2411 1405 2452 1465 Im
2500 1404 2975 1464 eynvndsechtzigsten
3002 1400 3125 1460 vnser
3145 1400 3280 1460 riche.

1826 1465 1906 1525 des
1943 1472 2141 1532 romsche
2221 1470 2265 1530 Im
2323 1464 2953 1524 czweyvndczwenczigsten.
2983 1460 3070 1520 Des
3107 1456 3282 1516 keyser짭

1835 1531 1979 1591 thumf
2001 1531 2039 1591 Im
2091 1528 2363 1588 czehenden.
2378 1528 2453 1588 vnd
2484 1524 2560 1584 des
2582 1521 2832 1581 hungristen
2869 1524 2907 1584 Im
2952 1520 3110 1580 dritten
3141 1520 3284 1580 laren.

1881 1609 2008 1669 Single
2034 1608 2154 1668 sheet,
2175 1608 2261 1668 open
2289 1608 2396 1668 folio.
2442 1608 2483 1668 28
2516 1604 2630 1664 lines.
2676 1604 2777 1664 166x
2804 1600 2864 1660 280
2891 1600 2991 1660 mm.
3044 1600 3185 1660 Type:
3205 1600 3293 1660 118.

1824 1660 1838 1720 A
1878 1664 2036 1724 one-line
2064 1660 2172 1720 space
2201 1660 2262 1720 left
2282 1660 2337 1720 for
2358 1660 2412 1720 the
2440 1656 2564 1716 initial
2584 1656 2652 1716 W.
2700 1652 2789 1712 Two
2817 1652 3008 1712 pinholes,
3029 1652 3070 1712 on
3098 1652 3166 1712 one
3194 1651 3289 1711 side.

1896 1746 1968 1806 298
1992 1744 2009 1804 x
2041 1744 2113 1804 429
2154 1744 2267 1804 mm.
2323 1744 2436 1804 From
2484 1740 2557 1800 the
2589 1736 2766 1796 Weigel
2790 1736 3048 1796 collection.

3111 1824 3192 1884 IC.
3209 1828 3291 1888 92.

1891 1829 2068 1889 Bought
2092 1832 2132 1892 in
2164 1832 2300 1892 June,
2325 1832 2461 1892 1872.

1837 1980 1990 2040 PIUS
2047 1986 2134 2046 II.
2200 1984 2353 2044 [Bull
2391 1982 2668 2042 depriving
2716 1980 2945 2040 Diether
2992 1975 3079 2035 von
3136 1976 3290 2036 Isen짭

1899 2065 2063 2125 burg,
2092 2064 2430 2124 Archbishop
2487 2064 2546 2124 of
2575 2064 2787 2124 Mainz.
2855 2060 3058 2120 Tivoli,
3087 2056 3145 2116 21
3184 2055 3291 2115 Au짭

1897 2148 2053 2208 gust,
2080 2148 2236 2208 1461.

3096 2140 3267 2200 1461.

1927 2236 2053 2296 PIIus
2091 2236 2164 2296 eps
2201 2236 2306 2296 uus
2342 2236 2447 2296 uou
2484 2236 2565 2296 dei
2594 2236 2640 2296 ad
2684 2235 2847 2295 ppetu창
2891 2232 2959 2292 rei
2981 2232 3188 2292 memoria
3233 2227 3270 2287 In

1826 2299 1971 2359 aplice
2023 2295 2139 2355 sedis
2191 2296 2366 2356 specula
2416 2296 2562 2356 diuino
2613 2292 2730 2352 osilio
2781 2290 3000 2350 ostitutis.
3029 2290 3117 2350 duo
3168 2288 3284 2348 inter

1830 2356 1910 2416 alia
1951 2360 2112 2420 pcipua
2144 2356 2185 2416 q
2249 2356 2273 2416 a
2314 2354 2394 2414 nob
2435 2352 2693 2412 dilig챕tissie
2733 2352 2902 2412 inspici
2918 2350 3112 2410 curariqe
3136 2348 3290 2408 deb챗t.

1828 2416 1963 2476 alter체
1997 2416 2086 2476 ...
2133 2416 2167 2476 l.
2187 2416 2235 2476 86
2263 2416 2276 2476 :
2310 2416 2357 2476 Si
2378 2416 2466 2476 quis
2493 2416 2588 2476 aute
2615 2412 2697 2472 hoc
2717 2412 2982 2472 attemptare
3016 2408 3280 2468 psumpserit

1836 2480 2159 2540 indignaconem
2228 2474 2491 2534 omipotetis
2529 2472 2612 2532 dei
2650 2470 2672 2530 i
2717 2472 2876 2532 beatou
2929 2468 3049 2528 Petri
3087 2468 3109 2528 i
3155 2468 3283 2528 Pauli

1835 2536 1978 2596 Aplou
2036 2536 2129 2596 eius
2187 2532 2230 2592 se
2281 2534 2461 2594 nouerit
2511 2532 2813 2592 incursurum.
2892 2530 3036 2590 Datum
3115 2528 3294 2588 Tyburi

1835 2599 1962 2659 Anno
1999 2596 2311 2656 Incarnaconnis
2341 2595 2460 2655 dnice
2541 2592 2779 2652 Millesimo
2817 2584 3284 2644 quadringentesimo짭

1829 2656 2291 2716 sexagesimoprimo.
2386 2654 2664 2714 Duodecimo
2745 2652 2898 2712 kalend
2979 2648 3286 2708 Septembris.

1837 2716 2124 2776 Pontificatus
2152 2712 2299 2772 nostri
2319 2713 2454 2773 Anno
2480 2712 2641 2772 tercio.

1879 2792 2114 2852 Broadside.
2169 2786 2210 2846 87
2245 2789 2363 2849 lines.
2411 2791 2481 2851 395
2494 2788 2508 2848 X
2536 2791 2598 2851 293
2632 2788 2729 2848 mm.
2798 2784 2930 2844 Type:
2964 2783 3033 2843 91.
3096 2784 3275 2844 One-line

1840 2844 1944 2904 space
1968 2840 2036 2900 left
2054 2840 2109 2900 for
2128 2840 2189 2900 the
2213 2840 2342 2900 initial
2361 2838 2410 2898 P.

1898 2920 1975 2980 585
2000 2917 2015 2977 x
2054 2916 2125 2976 390
2156 2916 2273 2976 mm.
2328 2916 2562 2976 Marked:
2602 2913 2735 2973 copia
2766 2912 3063 2972 collacionata
3103 2906 3173 2966 per
3212 2908 3274 2968 me

1843 2977 1904 3037 Io.
1934 2978 2066 3038 Stule
2196 2976 2450 3036 notarium.
2512 2972 2596 3032 The
2643 2972 2896 3032 contracted
2942 2966 3089 3026 'que'
3119 2965 3157 3025 in
3204 2967 3280 3027 the

1842 3040 1927 3100 first
1964 3040 2050 3100 line
2093 3036 2180 3096 was
2215 3036 2495 3096 presumably
2539 3032 2734 3092 inserted
2776 3028 2826 3088 by
2870 3028 2941 3088 the
2985 3030 3164 3090 notary,
3194 3027 3272 3087 and

1838 3096 1909 3156 the
1945 3100 2096 3160 initial
2132 3096 2153 3156 P
2204 3095 2240 3155 is
2276 3096 2449 3156 written
2498 3095 2534 3155 in
2585 3095 2678 3155 with
2721 3092 2793 3152 the
2829 3092 2951 3152 same
2987 3092 3088 3152 ink.
3145 3090 3260 3150 From

1839 3156 1902 3216 the
1937 3156 2120 3216 Weigel
2140 3156 2400 3216 collection.

3102 3234 3193 3294 IC.
3214 3238 3297 3298 93.

1899 3240 2080 3300 Bought
2105 3240 2136 3300 in
2175 3240 2310 3300 June,
2334 3240 2468 3300 1872.

1843 3376 2003 3436 PIUS
2064 3376 2144 3436 II.
2213 3380 2394 3440 [Brief
2414 3376 2705 3436 addressed
2745 3375 2785 3435 to
2825 3372 3075 3432 Adolph,
3106 3370 3285 3430 Count

1908 3457 1967 3517 of
2010 3460 2246 3520 Nassau,
2288 3460 2625 3520 sanctioning
2684 3456 2768 3516 his
2810 3456 3038 3516 election
3098 3448 3140 3508 to
3191 3448 3274 3508 the

1901 3535 1991 3595 see
2036 3539 2100 3599 of
2136 3540 2344 3600 Mainz.
2408 3536 2607 3596 Tivoli,
2634 3536 2689 3596 21
2734 3532 2969 3592 August,
2996 3532 3141 3592 1461.

3086 3612 3291 3672 (1461.)

1913 3701 2063 3761 PIlus
2098 3700 2212 3760 ep청s
2256 3700 2362 3760 puus
2406 3700 2512 3760 puox
2556 3697 2635 3757 dei
2679 3696 2803 3756 Dilc척
2846 3696 2935 3756 filio
2978 3696 3190 3756 Adolpho
3225 3690 3278 3750 de

1846 3763 2011 3823 Nassau
2057 3761 2192 3821 electo
2237 3756 2441 3816 mag청tmn
2487 3760 2637 3820 Salute
2675 3760 2698 3820 z
2728 3756 2901 3816 aplicam
2961 3752 3165 3812 b체dict철z
3202 3752 3270 3812 Ad

1842 3824 1978 3884 apl'ice
2000 3820 2230 3880 dignitatis
2251 3817 2525 3877 apicensupna
2553 3819 2798 3879 disposicone
2819 3816 2963 3876 vocati
2985 3812 3021 3872 ex
3056 3811 3250 3871 pastora짭

1843 3880 1890 3940 lis
1922 3880 2058 3940 officij
2081 3877 2256 3937 debito.
2280 3880 2390 3940 vices
2415 3877 2645 3937 temporu,
2669 3876 2899 3936 qualitates
2930 3872 3042 3932 rer청.
3065 3868 3113 3928 et
3137 3872 3288 3932 condi짭

1845 3940 1940 4000 cones
1974 3944 2137 4004 psonay
2177 3940 2340 4000 solerti
2368 3937 2680 3997 consideracoe
2721 3935 2898 3995 pensare
2939 3929 3244 3989 debemus..

1843 4004 1875 4064 1.
1899 4004 1948 4064 26
1980 4003 1988 4063 :
2020 4000 2101 4060 ...
2133 4000 2190 4060 Tu
2222 3997 2271 4057 que
2295 4000 2392 4060 pter
2424 4000 2570 4060 eterne
2602 3996 2893 4056 retribuconis
2925 3992 3070 4052 pmi첫.
3095 3992 3240 4052 nostre
3272 3984 3288 4044 i

1847 4063 1986 4123 apl'ice
2018 4060 2127 4120 sedis
2150 4060 2415 4120 bndictionem
2439 4059 2446 4119 a
2470 4056 2595 4116 gratia
2625 4056 2797 4116 vberius
2821 4048 3000 4108 consequi
3062 4048 3288 4108 merearis.

1856 4123 1997 4183 Datum
2047 4119 2238 4179 Tyburi.
2296 4120 2438 4180 Anno
2462 4116 2761 4176 incarnaconnis
2786 4111 2993 4171 dominice
3027 4108 3284 4168 Millesimo짭

1847 4176 2677 4236 quadringetesimosexagesimopmo.
2738 4168 2954 4228 duodecio
2988 4168 3136 4228 kalens
3170 4168 3282 4228 Sep짭

1844 4240 1997 4300 tebris.
2019 4240 2304 4300 Pontificatus
2333 4240 2472 4300 nostri
2501 4236 2625 4296 Anno
2654 4232 2807 4292 tercio.

1896 4316 2021 4376 Single
2042 4316 2166 4376 sheet.
2215 4314 2319 4374 Open
2346 4312 2457 4372 folio.
2506 4304 2540 4364 27
2568 4312 2679 4372 lines.
2741 4308 2817 4368 24X
2838 4307 3025 4367 279mm.
3060 4304 3205 4364 Type:
3226 4306 3295 4366 91.

1845 4368 2023 4428 One-line
2049 4365 2154 4425 space
2180 4364 2246 4424 left
2266 4364 2319 4424 for
2338 4364 2398 4424 the
2424 4360 2550 4420 initial
2569 4360 2615 4420 P.

1907 4443 2139 4503 243X415
2172 4443 2280 4503 mm.
2338 4440 2521 4500 Marked
2546 4433 2562 4493 :
2603 4432 2761 4492 Copia
2794 4432 3076 4492 collacionata
3109 4432 3184 4492 per
3217 4432 3283 4492 me

1862 4501 1921 4561 Jo.
1937 4504 2057 4564 Stule
2090 4501 2124 4561 ?
2166 4500 2419 4560 notarium,
2444 4496 2521 4556 and
2546 4492 2622 4552 the
2647 4492 2792 4552 initial
2808 4492 2825 4552 P
2858 4492 3028 4552 written
3061 4492 3121 4552 in.
3163 4492 3289 4552 After

1863 4560 2013 4620 eterne
2082 4563 2112 4623 in
2149 4563 2179 4623 l.
2210 4560 2255 4620 26
2293 4559 2415 4619 there
2437 4556 2475 4616 is
2505 4555 2551 4615 an
2588 4552 2785 4612 erasure.
2845 4552 2959 4612 From
3012 4552 3080 4612 the
3118 4552 3292 4612 Weigel

1841 4621 2117 4681 collection.

3112 4698 3195 4758 IC.
3216 4700 3301 4760 94.

1906 4704 2089 4764 Bought
2121 4704 2152 4764 in
2184 4704 2318 4764 June,
2341 4701 2476 4761 1872.
