4002 5711
824 539 990 599 PIUS
1048 543 1127 603 II.
1195 543 1371 603 [Brief
1410 547 1704 607 addressed
1753 547 1803 607 to
1851 547 2047 607 Adolf,
2076 548 2262 608 Count

891 623 944 683 of
980 623 1223 683 Nassau,
1249 627 1590 687 sanctioning
1634 627 1715 687 his
1742 631 2001 691 election.
2073 627 2270 687 Tivoli,

887 701 949 761 21
986 703 1227 763 August,
1253 707 1405 767 1461.
1477 711 1727 771 Another
1754 711 1923 771 issue.

2071 715 2276 775 (1461.)

894 793 1026 853 Plius
1066 791 1191 851 Epus
1230 795 1339 855 ßuus
1379 795 1489 855 ßuox
1527 796 1614 856 dei
1645 799 1770 859 Dileo
1817 800 1903 860 filio
1950 799 2169 859 Adulpho
2217 799 2263 859 de

824 851 987 911 Nassau
1016 851 1150 911 electo
1180 855 1387 915 magutin
1410 855 1552 915 Salute
1581 859 1603 919 z
1625 859 1767 919 aplica
1803 859 2005 919 bndictoz
2034 859 2086 919 Ad
2123 859 2264 919 apl'ice

816 911 1002 971 digtatis
1046 911 1180 971 apicen
1218 915 1359 975 supna
1403 919 1656 979 disposicoe
1700 919 1848 979 vocati
1878 919 1931 979 ex
1975 919 2176 979 pastora¬
2220 919 2264 979 lis

816 971 949 1031 officij
985 971 1161 1031 debito.
1182 971 1303 1031 vices
1338 975 1458 1035 tprm.
1486 979 1725 1039 qualitates
1761 979 1881 1039 reru.
1909 979 1952 1039 et
1994 979 2262 1039 condiconnes

820 1031 1009 1091 psonau.
1053 1031 1217 1091 solerti
1274 1035 1589 1095 consideracoe
1652 1039 1828 1099 pensare
1898 1039 2118 1099 debemus
2163 1040 2182 1100 .
2213 1042 2226 1102 .
2257 1039 2269 1099 .

815 1088 849 1148 l.
869 1091 951 1151 26:
978 1091 1067 1151 ...
1087 1091 1121 1151 tu
1148 1093 1162 1153 q
1210 1095 1306 1155 pter
1333 1095 1476 1155 eterne
1510 1097 1769 1157 retribuçois
1797 1099 1906 1159 pmiu
1940 1099 2008 1159 nre
2043 1099 2090 1159 et
2117 1099 2260 1159 apl'ice

812 1147 931 1207 sedis
959 1151 1263 1211 beniuolentia
1291 1155 1312 1215 i
1333 1155 1503 1215 gratiam
1553 1155 1729 1215 vberius
1750 1159 1969 1219 consequi
2032 1158 2273 1218 merearis.

814 1210 927 1270 Datu
963 1211 1154 1271 Tyburi.
1196 1212 1331 1272 Anno
1367 1215 1672 1275 incarnaconnis
1708 1218 1821 1278 dnice
1857 1219 2090 1279 Millesimo
2127 1215 2261 1275 quad¬

816 1272 1604 1332 ringentesimosexagesimoprimo.
1654 1277 1872 1337 duodecio
1928 1279 2083 1339 kalend
2154 1279 2260 1339 Sep¬

822 1331 1022 1391 tembris.
1051 1335 1341 1395 Pontificatus
1372 1337 1438 1397 nri
1460 1337 1594 1397 Anno
1624 1335 1765 1395 tercon.

862 1411 989 1471 Single
1016 1411 1137 1471 sheet.
1190 1415 1291 1475 Open
1318 1417 1432 1477 folio.
1466 1415 1507 1475 27
1533 1419 1648 1479 lines.
1701 1419 1762 1479 124
1782 1419 1795 1479 X
1822 1419 1882 1479 273
1910 1419 2003 1479 mm.
2044 1419 2185 1479 Type:
2205 1419 2272 1479 91.

820 1460 996 1520 One-line
1021 1463 1128 1523 space
1153 1463 1216 1523 left
1229 1467 1279 1527 for
1304 1467 1361 1527 the
1386 1467 1512 1527 initial
1524 1467 1569 1527 P.
1613 1467 1700 1527 Two
1719 1467 1889 1527 pinholes
1915 1467 1940 1527 in
1965 1470 2084 1530 upper
2103 1467 2272 1527 margin.

885 1551 959 1611 290
989 1551 1004 1611 x
1033 1551 1108 1611 398
1138 1555 1258 1615 mm.
1317 1555 1421 1615 From
1474 1555 1548 1615 the
1578 1555 1757 1615 Weigel
1779 1555 2032 1615 collection.

890 1633 1069 1693 Bought
1093 1635 1126 1695 in
1167 1638 1297 1698 June,
1321 1639 1451 1699 1872.

2089 1641 2179 1701 IC.
2199 1647 2250 1707 95

826 1783 982 1843 PIUS
1045 1785 1128 1845 II.
1191 1787 1370 1847 [Brief
1401 1791 1693 1851 addressed
1735 1791 1777 1851 to
1818 1791 1902 1851 the
1933 1791 2175 1851 Chapter
2216 1791 2280 1851 of

896 1867 1101 1927 Mainz,
1127 1867 1456 1927 sanctioning
1502 1871 1581 1931 the
1617 1871 1839 1931 election
1885 1871 1938 1931 of
1964 1871 2134 1931 Adolf
2160 1874 2249 1934 von

890 1947 1140 2007 Nassau.
1208 1947 1413 2007 Tivoli,
1436 1951 1494 2011 21
1528 1955 1766 2015 August,
1789 1955 1971 2015 1461.)
2062 1955 2244 2015 [1461.

882 2031 1033 2091 [PIIus
1080 2031 1207 2091 Epûs
1247 2032 1406 2092 seruus
1445 2035 1557 2095 puox
1605 2035 1700 2095 dei.
1732 2038 1923 2098 Dilectis
1970 2038 2074 2098 filijs
2121 2039 2256 2099 Capto

823 2091 996 2151 ecclesie
1056 2091 1321 2151 Maguntin.
1373 2095 1517 2155 Salute
1578 2098 1615 2158 et
1660 2095 1842 2155 apl'icam
1917 2099 2091 2159 bndcoz
2137 2099 2257 2159 Inter

819 2151 984 2211 ceteras
1013 2151 1200 2211 variasque
1214 2155 1336 2215 curas
1408 2155 1544 2215 quibz
1566 2155 1738 2215 assidue
1767 2155 1962 2215 pmimur
1990 2159 2076 2219 ...
2120 2159 2155 2219 l.
2177 2159 2264 2219 23:

810 2209 896 2269 ...
925 2207 968 2267 et
1011 2207 1062 2267 ut
1098 2211 1213 2271 tales
1249 2215 1480 2275 denûciari
1516 2215 1538 2275 i
1574 2215 1754 2275 euitari.
1784 2219 2050 2279 publicarique
2079 2219 2209 2279 volum

818 2269 909 2329 atqe
944 2271 1182 2331 mâdam?.
1217 2271 1329 2331 Datû

1431 2275 1619 2335 Tyburi.
1648 2275 1773 2335 Anno
1815 2276 2093 2336 incarnaconis
2129 2279 2254 2339 dnice

826 2327 1059 2387 Millesimo
1097 2335 1874 2395 qdringêtesimosexagesimopmo.
1912 2339 2131 2399 duodecio
2176 2339 2266 2399 kal.

825 2390 1059 2450 Septemb.
1082 2391 1340 2451 Põtificatus
1371 2395 1442 2455 nri
1465 2395 1544 2455 äno
1575 2395 1715 2455 terco.

863 2463 1099 2523 Broadside.
1143 2467 1186 2527 24
1214 2467 1329 2527 lines.
1379 2471 1480 2531 110X
1501 2471 1566 2531 213
1602 2471 1702 2531 mm.
1759 2471 1939 2531 One-line
1974 2472 2082 2532 space
2118 2475 2183 2535 left
2211 2475 2261 2535 for

817 2513 876 2573 the
906 2515 1025 2575 initial
1048 2516 1092 2576 P.
1137 2517 1278 2577 Type:
1301 2519 1368 2579 91.

874 2589 957 2649 214
979 2591 994 2651 x
1032 2591 1100 2651 300
1145 2595 1266 2655 mm.
1318 2595 1508 2655 Marked
1530 2599 1545 2659 :
1590 2599 1900 2659 Collacionata
1952 2599 2028 2659 per
2073 2599 2142 2659 me
2194 2603 2269 2663 Jo.

818 2651 939 2711 Stule
979 2654 1012 2714 ?
1052 2655 1318 2715 notarium.
1367 2655 1480 2715 With
1512 2659 1577 2719 the
1601 2659 1755 2719 initial
1771 2659 1989 2719 Pwritten
2013 2659 2078 2719 in.
2126 2659 2239 2719 From

820 2711 887 2771 the
925 2711 1097 2771 Weigel
1120 2715 1375 2775 collection.

878 2793 1058 2853 Bought
1084 2795 1120 2855 in
1155 2799 1290 2859 June,
1317 2799 1451 2859 1872.

2088 2802 2171 2862 IB.
2190 2807 2273 2867 96.

816 2932 982 2992 PIUS
1037 2937 1115 2997 II.
1180 2939 1369 2999 [Brief
1391 2939 1689 2999 addressed
1722 2939 1767 2999 to
1811 2943 1889 3003 the
1933 2943 2110 3003 clergy
2155 2944 2253 3004 and

880 3015 1004 3075 civil
1041 3019 1255 3079 officials
1299 3019 1362 3079 of
1389 3019 1468 3079 the
1523 3019 1736 3079 diocese
1781 3020 1844 3080 of
1879 3023 2093 3083 Mainz,
2112 3023 2236 3083 sanc

884 3095 1077 3155 tioning
1141 3099 1224 3159 the
1269 3099 1499 3159 election
1555 3102 1620 3162 of
1647 3103 1821 3163 Adolf
1868 3103 1969 3163 von
2023 3107 2262 3167 Nassau.

890 3174 1086 3234 Tivoli,
1107 3179 1173 3239 21
1206 3181 1444 3241 August,
1467 3183 1629 3243 1461.

2059 3187 2273 3247 [1461.)

888 3266 1025 3326 PJIus
1065 3267 1186 3327 Epûs
1227 3270 1372 3330 seruus
1413 3271 1566 3331 seruox
1598 3275 1687 3335 dei.
1711 3272 1897 3332 Dilectis
1921 3275 2018 3335 filijs
2050 3275 2260 3335 vniuersis

819 3327 1055 3387 Capitulis.
1080 3329 1341 3389 Prepositis.
1374 3331 1651 3391 Scolasticis.
1684 3335 1946 3395 Custodibz.
1970 3335 2263 3395 Camerarijs.

821 3387 1070 3447 Cantoribz.
1093 3387 1366 3447 Thesaurijs.
1381 3391 1622 3451 Omibusqe
1638 3395 1653 3455 a
1684 3395 1825 3455 singu-
1864 3395 1911 3455 lis
1942 3395 2121 3455 Prelatis
2152 3395 2253 3455 quo¬

807 3447 962 3507 cumqe
985 3447 1126 3507 nomie
1155 3447 1415 3507 censeantur
1438 3451 1512 3511 ...
1564 3454 1601 3514 l.
1630 3452 1712 3512 17:
1749 3454 1830 3514 ...
1854 3453 1905 3513 Si
1920 3455 2016 3515 quis
2046 3455 2143 3515 aute
2172 3456 2253 3516 hoc

812 3507 1075 3567 attemptare
1119 3507 1440 3567 presumpserit
1477 3511 1797 3571 indignaconnem
1856 3515 2148 3575 omnipotentis
2184 3515 2257 3575 dei

808 3563 833 3623 i
859 3567 1013 3627 beatox
1047 3563 1167 3623 Petri
1184 3567 1201 3627 «
1235 3567 1364 3627 Pauli
1381 3571 1526 3631 Aplox
1569 3571 1662 3631 leus
1688 3571 1723 3631 se
1757 3572 1937 3632 nouerit
1954 3575 2210 3635 incursuruz

807 3623 953 3683 Datum
1022 3623 1216 3683 Tyburi.
1250 3627 1382 3687 Anno
1431 3631 1736 3691 incarnaconis
1778 3631 1951 3691 domice
1993 3635 2256 3695 Millesimo¬

809 3687 1721 3747 quadringentesimosexagesimoprimo.
1764 3691 2035 3751 Duodecimo
2093 3695 2253 3755 kalens

808 3747 1112 3807 Septembris.
1140 3747 1431 3807 Pontificatus
1459 3751 1601 3811 nostri
1622 3751 1749 3811 Anno
1785 3751 1941 3811 tercio.

856 3839 1089 3899 Broadside.
1141 3843 1177 3903 18
1199 3843 1316 3903 lines.
1361 3843 1441 3903 83x
1462 3845 1529 3905 273
1550 3844 1653 3904 mm.
1696 3843 1879 3903 One-line
1909 3847 2018 3907 space
2040 3848 2106 3908 left
2127 3851 2179 3911 for
2201 3851 2259 3911 the

807 3887 931 3947 initial
953 3890 994 3950 P.
1042 3891 1181 3951 Type:
1201 3895 1264 3955 91.
1313 3894 1403 3954 Two
1430 3891 1604 3951 pinholes
1624 3895 1652 3955 in
1679 3895 1797 3955 lower
1818 3898 1984 3958 margin.

870 3975 938 4035 300
969 3971 985 4031 x
1016 3971 1100 4031 403
1131 3975 1246 4035 mm.
1300 3975 1531 4035 Marked:
1576 3975 1699 4035 copia
1745 3979 2038 4039 collacionata
2076 3981 2153 4041 per
2192 3980 2253 4040 me

807 4039 881 4099 Jo.
918 4031 1037 4091 Stule
1090 4035 1119 4095 ?
1178 4035 1439 4095 notarium.
1499 4035 1610 4095 With
1655 4039 1937 4099 manuscript
1974 4042 2271 4102 corrections,

806 4093 904 4153 e.g.
935 4092 950 4152 z
972 4095 1002 4155 in
1047 4095 1086 4155 l.
1116 4093 1138 4153 1
1168 4092 1206 4152 is
1237 4095 1403 4155 altered
1448 4095 1486 4155 to
1547 4095 1599 4155 ac
1629 4098 1652 4158 ,
1674 4099 1758 4159 and
1818 4095 1946 4155 ieus'
1985 4099 2015 4159 in
2060 4099 2090 4159 l.
2120 4099 2173 4159 17
2211 4102 2249 4162 to

838 4151 920 4211 eius
953 4154 970 4214 .
1012 4155 1170 4215 Initial
1186 4155 1203 4215 P
1236 4155 1402 4215 written
1435 4159 1502 4219 in.
1551 4155 1659 4215 From
1709 4159 1776 4219 the
1809 4159 1974 4219 Weigel
1991 4163 2249 4223 collection.

869 4241 1055 4301 Bought
1082 4243 1109 4303 in
1153 4243 1286 4303 June,
1303 4247 1444 4307 1872.

2082 4251 2165 4311 IC.
2186 4253 2239 4313 97

809 4384 1065 4444 ADOLF
1129 4389 1268 4449 VON
1353 4395 1696 4455 NASSAU.
1770 4395 2037 4455 [Answer
2079 4395 2123 4455 to
2176 4395 2261 4455 ac¬

874 4467 1146 4527 cusations
1196 4472 1356 4532 made
1407 4476 1467 4536 by
1528 4471 1760 4531 Diether
1809 4472 1900 4532 von
1960 4479 2261 4539 Isenburg,

872 4546 964 4606 the
998 4551 1227 4611 deposed
1272 4555 1617 4615 Archbishop
1651 4555 1708 4615 of
1743 4556 1972 4616 Mainz.]
2076 4560 2235 4620 1461.

872 4639 975 4699 ...
999 4639 1126 4699 Wlijr
1158 4643 1293 4703 haben
1333 4643 1539 4703 vernüme
1580 4645 1659 4705 das
1691 4647 1882 4707 Diether
1913 4647 1993 4707 von
2040 4648 2247 4708 Isenberg

811 4700 884 4760 der
909 4699 991 4759 sich
1024 4703 1196 4763 etzliche
1270 4707 1343 4767 zijt
1369 4707 1442 4767 des
1466 4707 1599 4767 stiffts
1639 4708 1705 4768 czu
1754 4707 1901 4767 Mentz
1926 4711 2246 4771 ynderwunden

939 4785 1004 4845 22

2339 541 2430 601 hait
2471 543 2562 603 fast
2604 543 2885 603 mancherley
2942 545 3117 605 schrifft
3158 547 3274 607 habe
3324 547 3440 607 laßen
3489 548 3647 608 vßgeen
3688 551 3705 611 .
3729 551 3746 611 .
3771 554 3787 614 .

2330 600 2367 660 1.
2382 607 2458 667 57:
2587 603 2670 663 Als
2693 607 2761 667 wir
2829 606 2905 666 des
2928 607 2995 667 czu
3026 607 3101 667 uch
3140 607 3360 667 besunder
3375 611 3594 671 getruwen
3624 611 3798 671 haben.

2387 682 2616 742 Broadside.
2664 682 2707 742 58
2727 683 2845 743 lines.
2894 683 2956 743 265
2977 683 2992 743 x
3019 683 3081 743 216
3110 683 3207 743 mm.
3248 687 3352 747 Half
3373 689 3387 749 a
3422 691 3491 751 line
3519 691 3554 751 is
3581 691 3644 751 left
3665 691 3707 751 at
3721 691 3783 751 the

2332 732 2535 792 beginning
2571 731 2624 791 for
2642 731 2702 791 the
2725 735 2928 795 salutation
2959 735 2988 795 to
3018 735 3054 795 be
3083 735 3221 795 written
3251 737 3304 797 in.

2400 820 2466 880 390
2504 819 2519 879 x
2548 815 2623 875 289
2653 815 2772 875 mm.
2831 819 2943 879 From
2995 819 3062 879 the
3099 819 3270 879 Weigel
3292 823 3553 883 collection.

2394 909 2581 969 Bought
2606 911 2646 971 in
2679 911 2817 971 June,
2842 913 2972 973 1872.

3613 915 3703 975 IC.
3727 919 3807 979 98.

2335 1044 2496 1104 PIUS
2558 1048 2648 1108 II.
2730 1047 2913 1107 [Brief
2953 1049 2994 1109 to
3056 1051 3451 1111 ecclesiastical
3502 1054 3592 1114 and
3654 1055 3785 1115 civil

2395 1127 2715 1187 authorities
2776 1130 2846 1190 of
2897 1131 3175 1191 Germany
3245 1131 3592 1191 announcing
3662 1135 3782 1195 that

2401 1207 2791 1267 contributions
2861 1211 2905 1271 to
2974 1211 3061 1271 the
3131 1211 3357 1271 crusade
3426 1215 3643 1275 against
3687 1215 3773 1275 the

2400 1287 2580 1347 Turks
2614 1291 2776 1351 would
2818 1291 2912 1351 not
2947 1291 3006 1351 be
3049 1291 3348 1351 demanded
3390 1295 3612 1355 without
3638 1295 3774 1355 their

2408 1371 2654 1431 consent.
2705 1375 2912 1435 Tivoli,
2922 1371 2942 1431 4
2983 1375 3322 1435 September,
3353 1375 3528 1435 1461.)
3579 1379 3784 1439 [1461.)

2422 1459 2552 1519 Plus
2592 1459 2723 1519 Epûs
2755 1459 2902 1519 seruus
2943 1463 3090 1523 seruox
3130 1463 3204 1523 dei
3237 1463 3449 1523 vniuersis
3481 1467 3774 1527 venerabilibz

2337 1519 2529 1579 fratribz.
2552 1519 2819 1579 Archiepis.
2849 1523 2975 1583 Epis.
3005 1521 3049 1581 et
3071 1523 3168 1583 alijs
3197 1523 3383 1583 prelatis
3405 1523 3672 1583 ecclesiastis
3695 1528 3783 1588 ...

2335 1579 2363 1639 l.
2383 1579 2432 1639 27
2452 1579 2466 1639 :
2494 1579 2577 1639 ...
2598 1579 2764 1639 viribus
2792 1581 2923 1641 quibz
2951 1583 3159 1643 possum?
3187 1583 3374 1643 plurimu
3408 1583 3485 1643 vos
3519 1583 3554 1643 in
3595 1584 3768 1644 domino

2336 1639 2642 1699 exhortamur.
2663 1639 2813 1699 Datum
2867 1640 3058 1700 Tyburi.
3078 1643 3201 1703 Anno
3235 1643 3372 1703 incar¬
3412 1643 3610 1703 nationis
3637 1643 3780 1703 domi¬

2327 1698 2421 1758 nice
2456 1699 2693 1759 Millesimo
2722 1699 3628 1759 quadringentesimosexagesimoprimo.
3642 1707 3771 1767 pridie

2337 1759 2414 1819 non
2460 1759 2767 1819 Septembris.
2790 1763 3051 1823 Pôtificatus
3074 1763 3220 1823 nostri
3244 1763 3374 1823 Anno
3405 1763 3589 1823 quarto.

2380 1843 2612 1903 Broadside.
2661 1843 2697 1903 28
2732 1843 2845 1903 lines.
2901 1843 2992 1903 127X
3021 1843 3084 1903 215
3119 1843 3211 1903 mm.
3274 1847 3457 1907 One-line
3493 1848 3598 1908 space
3633 1851 3697 1911 left
3725 1847 3781 1907 for

2335 1893 2390 1953 the
2417 1891 2542 1951 initial
2562 1891 2610 1951 P.
2652 1895 2790 1955 Type:
2817 1895 2879 1955 91.

2387 1975 2508 2035 214X
2538 1975 2613 2035 299
2667 1975 2781 2035 mm.
2841 1975 3068 2035 Marked:
3121 1979 3417 2039 collacionata
3469 1980 3546 2040 per
3591 1979 3658 2039 me
3712 1983 3787 2043 Jo.

2330 2031 2450 2091 Stule
2482 2038 2522 2098 ?
2571 2035 2820 2095 notarium.
2876 2035 2973 2095 The
3005 2039 3149 2099 initial
3166 2039 3182 2099 P
3214 2039 3383 2099 written
3415 2043 3479 2103 in.
3535 2042 3656 2102 From
3704 2043 3768 2103 the

2334 2095 2509 2155 Weigel
2533 2095 2800 2155 collection.

2386 2183 2574 2243 Bought
2599 2187 2632 2247 in
2673 2187 2812 2247 June,
2836 2187 2967 2247 1872.

3601 2191 3692 2251 IB.
3714 2193 3794 2253 99.

3228 2324 3313 2384 *14
3361 2327 3599 2387 August,
3627 2327 3779 2387 1462.

2326 2323 2583 2383 BIBLIA
2657 2325 2988 2385 LATINA.

2394 2415 2437 2475 1a
2463 2419 2619 2479 (red):
2646 2421 2768 2481 Incip
2802 2421 2890 2481 epla
2924 2423 2993 2483 sci
3020 2423 3254 2483 iheronimi
3281 2423 3324 2483 ad
3358 2423 3541 2483 paulinu
3576 2423 3749 2483 psbite¬

2325 2481 2370 2541 rû
2392 2479 2407 2539 :
2453 2479 2498 2539 de
2543 2479 2688 2539 omib»
2725 2479 2869 2539 diuine
2914 2483 3088 2543 historie
3126 2483 3269 2543 libris.
3292 2485 3368 2545 ca.
3390 2483 3526 2543 pmu.
3617 2486 3783 2546 (black)

2345 2539 2559 2599 FRater
2582 2539 2836 2599 ambrosius
2874 2543 2943 2603 tua
3042 2543 3188 2603 michi
3220 2543 3488 2603 munuscula
3527 2544 3779 2604 pfe¬rens.

2329 2599 2493 2659 detulit
2522 2599 2664 2659 simul
2694 2600 2738 2660 et
2827 2603 3118 2663 suauissimas
3155 2603 3237 2663 lras
3274 2604 3356 2664 ...
3415 2604 3490 2664 42.
3512 2603 3549 2663 1.
3572 2606 3594 2666 7
3645 2603 3757 2663 (red)
3772 2611 3779 2671 :

2333 2659 2474 2719 Expl.
2497 2662 2676 2722 plogus.
2720 2659 2839 2719 Incip
2877 2662 2988 2722 liber
3010 2663 3175 2723 bresith
3204 2663 3279 2723 que
3316 2663 3391 2723 nos
3450 2663 3629 2723 genesim
3673 2666 3777 2726 dici¬

2327 2719 2442 2779 mus.
2463 2719 2506 2779 c.
2536 2719 2578 2779 I.
2593 2722 2766 2782 (black,
2787 2721 3017 2781 preceding
3061 2723 3125 2783 the
3154 2723 3247 2783 last
3277 2723 3370 2783 four
3399 2723 3542 2783 words
3579 2723 3607 2783 in
3650 2723 3751 2783 red)
3772 2729 3779 2789 :

2333 2786 2418 2846 [IN
2461 2781 2669 2841 principio
2705 2780 2870 2840 creauit
2927 2780 3042 2840 deus
3070 2783 3185 2843 celum
3235 2783 3257 2843 z
3278 2783 3415 2843 terrä.
3472 2783 3601 2843 4812.
3622 2783 3715 2843 col.
3737 2787 3779 2847 2,

2329 2839 2589 2899 COLOPHON
2631 2839 2751 2899 (red)
2772 2839 2786 2899 :
2822 2839 2913 2899 Pnis
2934 2843 3012 2903 hoc
3040 2843 3251 2903 opusculu
3286 2843 3519 2903 Artificosa
3554 2843 3773 2903 adinuen¬

2327 2899 2441 2959 tione
2542 2899 2801 2959 impmendi
2843 2899 2908 2959 seu
2966 2903 3317 2963 caracterizandi
3360 2903 3496 2963 absque
3539 2903 3704 2963 calami

2327 2959 2575 3019 exaraconn,
2589 2959 2626 3019 in
2655 2959 2830 3019 ciuitate
2866 2959 3092 3019 Maguntni
3113 2963 3165 3023 sic
3194 2963 3413 3023 effigiatu.
3514 2963 3558 3023 ad
3588 2963 3762 3023 eusebia

2327 3017 2400 3077 dei
2422 3019 2634 3079 industrie
2670 3019 2751 3079 per
2780 3019 2904 3079 johez
2926 3020 3013 3080 fust
3043 3020 3130 3080 ciuë
3211 3019 3262 3079 et
3291 3023 3415 3083 Petrû
3451 3023 3693 3083 schoiffher
3722 3023 3765 3083 de

2332 3079 2570 3139 gernßheym
2639 3079 2795 3139 clericü
2843 3079 3047 3139 di-oteß
3096 3083 3273 3143 eiusdem
3341 3079 3409 3139 est
3457 3083 3764 3143 consummatu

2324 3139 2462 3199 Anno
2499 3139 2583 3199 dni
2620 3139 2703 3199 .M.
2788 3139 2907 3199 cccc.
2935 3143 3047 3203 lxij.
3065 3143 3112 3203 In
3159 3143 3307 3203 vigilia
3343 3143 3623 3203 assumpcois
3659 3148 3770 3208 virg.

2329 3199 2495 3259 Marie.
2558 3199 2780 3259 DEVICE.

2375 3283 2500 3343 Folio.
2542 3283 2668 3343 [a-glo
2685 3275 2770 3335 ht—1
2787 3278 2854 3338 15—3
2870 3285 2912 3345 kt
2929 3288 2946 3348 1
2954 3291 3039 3351 m8;
3064 3288 3199 3348 A-N1o
3207 3287 3224 3347 O
3266 3287 3307 3347 P8
3324 3287 3341 3347 ;
3366 3291 3526 3351 aa-nnlo
3543 3291 3627 3351 o0l2
3636 3291 3644 3351 ;
3678 3291 3761 3351 AA¬

2369 3326 2383 3386 1
2417 3332 2566 3392 KKs—1.
2634 3336 2702 3396 481
2723 3335 2872 3395 leaves,
2886 3339 3035 3399 divided
3063 3339 3090 3399 in
3131 3339 3227 3399 some
3260 3339 3383 3399 copies
3410 3339 3478 3399 into
3506 3339 3573 3399 two
3600 3343 3770 3403 volumes

2327 3379 2366 3439 by
2398 3383 2410 3443 a
2442 3383 2629 3443 colophon
2661 3383 2705 3443 on
2738 3384 2853 3444 242b.
2898 3385 2917 3445 2
2944 3387 3129 3447 columns.
3175 3387 3245 3447 22:
3271 3390 3316 3450 48
3341 3389 3451 3449 lines,
3470 3387 3566 3447 287X
3592 3388 3656 3448 198
3682 3391 3771 3451 mm.

2328 3431 2455 3491 Type:
2485 3431 2570 3491 118.
2606 3432 2703 3492 With
2734 3433 2933 3493 numerous
2964 3435 3103 3495 printed
3133 3435 3297 3495 two-line
3321 3439 3479 3499 capitals
3503 3439 3570 3499 and
3594 3439 3770 3499 chapter¬

2324 3479 2501 3539 numbers
2526 3480 2551 3540 in
2583 3479 2639 3539 red
2671 3483 2734 3543 and
2765 3483 2866 3543 blue,
2885 3483 2949 3543 but
2974 3483 3050 3543 with
3087 3486 3220 3546 spaces
3245 3485 3296 3545 for
3321 3487 3440 3547 others
3466 3487 3497 3547 to
3528 3487 3573 3547 be
3598 3488 3762 3548 supplied

2325 3527 2365 3587 by
2391 3531 2518 3591 hand.
2545 3531 2625 3591 The
2652 3531 2746 3591 titles
2765 3531 2799 3591 to
2825 3531 2879 3591 the
2906 3531 3026 3591 books
3046 3535 3113 3595 and
3139 3535 3339 3595 prologues
3359 3535 3426 3595 and
3453 3535 3486 3595 to
3513 3536 3573 3596 the
3593 3536 3766 3596 separate

2325 3579 2469 3639 Psalms
2495 3579 2554 3639 are
2580 3579 2633 3639 for
2652 3579 2711 3639 the
2737 3579 2842 3639 most
2861 3579 2953 3639 part
2979 3583 3117 3643 printed
3149 3583 3175 3643 in
3209 3583 3293 3643 red,
3306 3583 3372 3643 but
3392 3586 3647 3646 occasionally
3674 3587 3765 3647 have

2323 3628 2413 3688 been
2440 3627 2503 3687 left
2524 3627 2558 3687 to
2586 3627 2628 3687 be
2662 3631 2828 3691 supplied
2863 3631 2912 3691 by
2932 3631 3057 3691 hand.
3105 3635 3209 3695 Four
3230 3635 3424 3695 pinholes.
3473 3635 3569 3695 Hain
3603 3637 3742 3697 3050.

2372 3705 2410 3765 In
2448 3704 2707 3764 consequence
2738 3707 2782 3767 of
2814 3707 2997 3767 mistakes
3029 3709 3104 3769 and
3143 3711 3471 3771 miscalculations
3509 3711 3635 3771 leaves
3673 3711 3767 3771 have

2325 3751 2390 3811 had
2423 3751 2455 3811 to
2488 3755 2528 3815 be
2560 3755 2619 3815 cut
2639 3755 2737 3815 away
2770 3755 2802 3815 in
2835 3755 2907 3815 this
2927 3755 3018 3815 copy
3052 3759 3143 3819 after
3169 3763 3235 3823 73,
3248 3766 3313 3826 74,
3326 3767 3391 3827 75,
3411 3764 3470 3824 76,
3490 3763 3574 3823 199,
3601 3759 3666 3819 and
3699 3759 3764 3819 202

2319 3800 2361 3860 of
2388 3803 2478 3863 Vol.
2492 3803 2527 3863 I,
2548 3803 2610 3863 and
2644 3803 2742 3863 after
2762 3806 2831 3866 233
2852 3807 2893 3867 of
2921 3807 3011 3867 Vol.
3025 3807 3080 3867 II.
3129 3807 3205 3867 The
3240 3807 3323 3867 first
3350 3807 3427 3867 leaf
3448 3810 3489 3870 of
3517 3809 3607 3869 Vol.
3621 3811 3655 3871 II
3683 3811 3718 3871 is
3745 3811 3759 3871 a

2329 3847 2459 3907 cancel
2480 3851 2545 3911 and
2571 3851 2676 3911 other
2702 3852 2833 3912 leaves
2853 3855 2957 3915 (e.g.
2977 3860 3043 3920 74,
3062 3863 3128 3923 75,
3148 3855 3278 3915 86-96,
3298 3855 3383 3915 168,
3403 3856 3586 3916 207-216,
3605 3859 3763 3919 227-242

2323 3899 2362 3959 of
2394 3899 2480 3959 Vol.
2506 3899 2538 3959 I,
2564 3899 2630 3959 and
2670 3903 2728 3963 51,
2754 3903 2918 3963 121-124
2951 3903 3023 3963 and
3056 3907 3219 3967 233-239
3252 3907 3292 3967 of
3324 3904 3416 3964 Vol.
3435 3907 3501 3967 II)
3527 3905 3612 3965 were
3652 3907 3769 3967 either

2317 3947 2505 4007 reprinted
2537 3947 2581 4007 or
2606 3951 2795 4011 corrected
2833 3951 2870 4011 on
2908 3952 2965 4012 the
2996 3952 3122 4012 press.
3173 3955 3210 4015 In
3248 3954 3323 4014 this
3348 3954 3443 4014 copy
3468 3955 3556 4015 Vol.
3575 3955 3594 4015 I
3619 3955 3688 4015 has
3719 3955 3757 4015 no

2323 3995 2531 4055 colophon,
2544 3999 2606 4059 and
2635 3999 2690 4059 the
2717 4003 2897 4063 colophon
2932 4003 2967 4063 of
2987 4003 3077 4063 Vol.
3091 4003 3133 4063 II
3154 4003 3326 4063 occupies
3354 4003 3458 4063 seven
3493 4004 3603 4064 lines,
3617 4006 3672 4066 the
3700 4003 3769 4063 last

2318 4045 2391 4105 line
2426 4043 2465 4103 of
2492 4045 2573 4105 text
2599 4047 2713 4107 which
2746 4051 2934 4111 precedes
2960 4051 2993 4111 it
3020 4051 3127 4111 being
3161 4051 3308 4111 printed
3341 4051 3375 4111 in
3409 4052 3542 4112 black.
3589 4055 3622 4115 In
3663 4053 3769 4113 other

2319 4095 2451 4155 copies
2478 4095 2533 4155 the
2568 4095 2665 4155 word
2714 4099 2914 4159 Alleluia'
2935 4099 2970 4159 at
2991 4099 3046 4159 the
3074 4099 3143 4159 end
3171 4099 3205 4159 of
3233 4099 3323 4159 Vol.
3337 4099 3357 4159 I
3378 4102 3413 4162 is
3434 4102 3607 4162 followed
3641 4103 3670 4163 in
3704 4103 3759 4163 red

2319 4143 2359 4203 by
2405 4145 2572 4205 Explicit
2606 4144 2813 4204 Psalteriuz
2847 4147 2920 4207 and
2953 4147 3040 4207 then
3074 4147 3121 4207 by
3154 4147 3221 4207 the
3261 4151 3442 4211 printers'
3468 4151 3595 4211 device
3635 4151 3762 4211 placed

2314 4191 2472 4251 midway
2505 4193 2537 4253 in
2583 4194 2643 4254 the
2676 4195 2754 4255 date
2780 4195 2794 4255 :
2827 4195 2938 4255 Anno
2972 4195 3044 4255 .M.
3116 4195 3228 4255 cccc.
3248 4197 3333 4257 lxij.
3399 4199 3432 4259 In
3472 4199 3557 4259 Vol.
3583 4200 3623 4260 II
3649 4199 3754 4259 again

2318 4240 2421 4300 other
2453 4239 2582 4299 copies
2614 4243 2711 4303 have
2743 4243 2806 4303 the
2838 4243 2916 4303 last
2948 4243 3019 4303 line
3051 4243 3096 4303 of
3122 4243 3199 4303 text
3231 4247 3372 4307 printed
3418 4244 3450 4304 in
3482 4247 3572 4307 red,
3598 4251 3669 4311 and
3707 4251 3758 4311 the

2316 4291 2499 4351 following
2525 4291 2702 4351 colophon
2736 4294 2848 4354 which
2874 4295 3051 4355 occupies
3070 4295 3123 4355 six
3150 4295 3241 4355 lines
3268 4295 3406 4355 instead
3438 4295 3478 4355 of
3491 4295 3635 4355 seven:

2367 4355 2443 4415 Pns
2464 4355 2533 4415 hoc
2561 4358 2762 4418 opusculuz
2783 4359 2880 4419 finitu
2915 4359 2950 4419 ac
2978 4359 3151 4419 copletu.
3164 4359 3200 4419 et
3213 4359 3255 4419 ad
3311 4359 3484 4419 eusebiaz
3504 4363 3567 4423 dei
3581 4360 3761 4420 industrie

2315 4406 2345 4466 in
2382 4403 2531 4463 ciuitate
2568 4407 2747 4467 Maguntn
2828 4407 2902 4467 per
2933 4409 3100 4469 lohanne
3131 4407 3211 4467 fust
3236 4407 3335 4467 ciuë.
3354 4409 3390 4469 et
3421 4411 3526 4471 Petrû
3558 4411 3767 4471 schoiffher

2315 4452 2357 4512 de
2417 4455 2635 4515 gernbheym
2683 4455 2810 4515 clericu
2847 4458 2974 4518 dioteb
2999 4455 3144 4515 eiusdez
3168 4455 3228 4515 est
3247 4459 3380 4519 consu-
3404 4459 3531 4519 matu.
3573 4459 3682 4519 Anno
3713 4456 3768 4516 in¬

2317 4505 2510 4565 carnaconis
2533 4503 2640 4563 dnice
2662 4504 2740 4564 .M.
2755 4507 2862 4567 cccc.
2878 4510 2956 4570 lxij.
3000 4508 3035 4568 In
3064 4507 3186 4567 vigilia
3216 4507 3453 4567 assumpcois
3481 4511 3589 4571 glose
3618 4511 3768 4571 virginis

2316 4551 2458 4611 marie.
2557 4552 2734 4612 Device.

2364 4615 2484 4675 There
2511 4619 2538 4679 is
2558 4619 2631 4679 also
2658 4619 2818 4679 another
2838 4619 2985 4679 variant
3005 4619 3045 4679 of
3059 4619 3119 4679 the
3145 4621 3352 4681 seven-line
3379 4623 3559 4683 colophon
3586 4623 3753 4683 differing

2315 4667 2392 4727 from
2443 4667 2533 4727 that
2565 4667 2668 4727 given
2712 4669 2828 4729 above
2879 4669 2911 4729 in
2963 4667 3021 4727 the
3059 4667 3245 4727 following
3290 4675 3502 4735 spellings:
3546 4675 3758 4735 Artificiosa

2316 4715 2578 4775 adinuëtione,
2598 4719 2808 4779 Moguntn,
2828 4720 2960 4780 lohez,
2973 4719 3235 4779 consumatuz.
