4081 5700
387 566 456 626 392
487 564 504 624 x
535 560 605 620 280
644 560 762 620 mm.
816 560 910 620 The
941 558 1081 618 edges
1120 558 1167 618 of
1198 558 1316 618 most
1346 557 1394 617 of
1417 560 1487 620 the
1527 560 1675 620 leaves
1706 554 1768 614 in¬

324 624 427 684 jured
463 621 514 681 by
544 620 704 680 damp.
755 615 902 675 Large
931 618 1122 678 capitals
1144 616 1392 676 occupying
1428 618 1466 678 5,
1487 622 1531 682 7,
1546 620 1590 680 or
1612 620 1634 680 9
1655 616 1765 676 lines

318 684 350 744 in
382 682 458 742 two
491 679 536 739 or
568 679 690 739 three
729 676 902 736 colours
934 680 1050 740 (blue
1088 679 1166 739 and
1204 676 1301 736 red,
1326 676 1371 736 or
1403 679 1526 739 blue,
1557 679 1654 739 red,
1673 679 1750 739 and

319 742 490 802 green),
515 738 710 798 supplied
743 736 793 796 by
833 740 972 800 hand,
988 737 1069 797 also
1102 736 1217 796 plain
1241 736 1437 796 two-line
1462 736 1650 796 capitals
1674 739 1755 799 and

315 800 730 860 chapter-numbers
770 798 803 858 in
843 800 944 860 blue
984 796 1030 856 or
1064 796 1130 856 red
1178 796 1217 856 to
1257 800 1324 860 fill
1344 796 1458 856 gaps
1491 798 1645 858 among
1685 800 1752 860 the

325 864 478 924 printed
526 857 651 917 ones.
706 858 948 918 Headings
983 853 1031 913 of
1059 856 1135 916 the
1177 856 1329 916 names
1364 856 1412 916 of
1446 856 1516 916 the
1557 856 1758 916 different

320 924 456 984 books
478 922 550 982 are
579 920 745 980 written
780 920 817 980 in
853 920 918 980 red
953 919 997 979 at
1026 916 1091 976 the
1126 915 1192 975 top
1227 914 1277 974 of
1300 914 1393 974 each
1429 912 1565 972 page.

382 1016 489 1076 King
525 1014 703 1074 George
730 1012 837 1072 III's
865 1010 971 1070 copy
1007 1014 1087 1074 (C.
1105 1012 1141 1072 9.
1168 1016 1212 1076 d.
1230 1015 1275 1075 7,
1293 1012 1364 1072 8).

1551 1012 1639 1072 IC.
1659 1016 1766 1076 101.

322 1172 564 1232 Another
594 1168 759 1228 copy.

368 1256 461 1316 With
497 1260 554 1320 the
591 1260 770 1320 colophon
806 1260 835 1320 to
870 1260 964 1320 Vol.
978 1260 993 1320 I
1022 1260 1093 1320 and
1130 1260 1280 1320 six-line
1309 1264 1496 1324 colophon
1532 1264 1561 1324 to
1597 1264 1690 1324 Vol.
1704 1264 1761 1324 II.

322 1309 387 1369 22:
413 1310 478 1370 285
498 1309 511 1369 X
536 1310 595 1370 195
622 1308 712 1368 mm.

376 1400 431 1460 On
466 1399 653 1459 vellum.
709 1400 792 1460 415
820 1400 833 1460 x
868 1397 945 1457 305
986 1400 1097 1460 mm.
1159 1400 1200 1460 In
1243 1400 1325 1460 this
1361 1400 1464 1460 copy
1499 1401 1645 1461 leaves
1672 1396 1748 1456 71-

320 1452 362 1512 80
411 1456 496 1516 form
552 1460 573 1520 a
615 1459 749 1519 single
791 1460 1052 1520 gathering,
1080 1460 1157 1520 but
1192 1460 1340 1520 leaves
1382 1460 1488 1520 have
1530 1460 1636 1520 been
1678 1464 1755 1524 cut

315 1519 432 1579 away
469 1520 578 1580 after
607 1516 651 1576 74
688 1520 768 1580 and
804 1520 877 1580 77.

378 1607 489 1667 With
527 1608 795 1668 illuminated
824 1611 1010 1671 capitals
1032 1613 1107 1673 and
1137 1616 1315 1676 borders
1345 1616 1390 1676 of
1405 1616 1546 1676 rather
1568 1616 1761 1676 unusual

316 1672 462 1732 merit.
522 1672 709 1732 Smaller
742 1672 929 1732 capitals
962 1672 1043 1732 and
1082 1672 1509 1732 chapter-numbers
1542 1676 1742 1736 supplied

319 1732 353 1792 in
393 1729 454 1789 red
495 1729 577 1789 and
617 1730 712 1790 blue
753 1730 889 1790 where
930 1732 1113 1792 omitted
1161 1732 1208 1792 by
1256 1736 1439 1796 printer,
1459 1736 1677 1796 headings
1711 1736 1758 1796 of

323 1783 386 1843 the
414 1792 562 1852 names
590 1788 632 1848 of
653 1792 717 1852 the
745 1792 956 1852 different
977 1792 1111 1852 books
1139 1792 1174 1852 in
1209 1796 1421 1856 alternate
1449 1796 1512 1856 red
1540 1796 1618 1856 and
1653 1796 1751 1856 blue

322 1844 465 1904 letters
492 1852 533 1912 at
560 1850 629 1910 the
663 1848 731 1908 top
765 1850 812 1910 of
834 1852 928 1912 each
963 1849 1099 1909 page.
1161 1856 1249 1916 Red
1283 1856 1651 1916 initial-strokes.
1706 1854 1753 1914 In

329 1906 426 1966 Vol.
450 1908 465 1968 I
495 1911 563 1971 the
601 1912 744 1972 arms,
767 1911 843 1971 and
880 1910 918 1970 in
964 1912 1070 1972 Vol.
1092 1912 1145 1972 II
1167 1913 1243 1973 the
1273 1916 1394 1976 arms
1425 1916 1500 1976 and
1546 1916 1697 1976 name,
1720 1916 1765 1976 of

330 1968 545 2028 Conradus
588 1970 753 2030 Dolea,
781 1971 845 2031 the
896 1972 1047 2032 owner
1090 1972 1161 2032 for
1197 1976 1326 2036 whom
1390 1976 1463 2036 the
1513 1976 1621 2036 copy
1663 1976 1756 2036 was

316 2028 615 2088 illuminated,
650 2028 823 2088 appear
865 2032 900 2092 in
956 2032 1032 2092 the
1081 2032 1248 2092 border
1289 2032 1331 2092 to
1373 2036 1449 2096 the
1498 2036 1595 2096 first
1630 2032 1770 2092 page.

324 2090 641 2150 Subsequently
671 2092 686 2152 A
739 2092 784 2152 46
822 2092 898 2152 and
928 2092 981 2152 47
1011 2092 1034 2152 in
1071 2095 1132 2155 the
1162 2096 1442 2156 Bibliotheca
1472 2098 1767 2158 Lamoniana.

380 2184 651 2244 Cracherode
678 2184 818 2244 copy.
862 2188 1003 2248 (Date
1038 2184 1082 2244 of
1100 2188 1345 2248 purchase,
1363 2190 1512 2250 1792.)
1565 2192 1644 2252 IC.
1671 2192 1767 2252 102.

331 2343 564 2403 Another
593 2340 729 2400 copy
768 2344 826 2404 of
855 2344 982 2404 Vol.
1001 2344 1079 2404 II.

376 2428 461 2488 With
500 2430 563 2490 the
594 2432 672 2492 last
695 2432 765 2492 line
804 2432 844 2492 of
867 2432 952 2492 text
975 2436 1007 2496 in
1046 2436 1100 2496 red
1148 2436 1210 2496 and
1248 2436 1304 2496 the
1342 2440 1475 2500 second
1514 2440 1584 2500 form
1631 2440 1678 2500 of
1701 2440 1755 2500 the

324 2480 525 2540 seven-line
552 2482 767 2542 colophon.

379 2570 453 2630 397
484 2568 498 2628 x
528 2568 603 2628 270
639 2572 751 2632 mm.
811 2572 915 2632 Blue
952 2572 1027 2632 and
1072 2572 1139 2632 red
1176 2576 1362 2636 capitals
1400 2576 1594 2636 supplied
1638 2580 1683 2640 as
1720 2580 1757 2640 in

326 2628 389 2688 the
438 2628 530 2688 first
579 2632 720 2692 paper
762 2632 903 2692 copy,
938 2632 1022 2692 but
1072 2632 1156 2692 less
1198 2636 1466 2696 elaborately
1522 2636 1762 2696 designed.

323 2688 545 2748 Headings
582 2686 627 2746 of
656 2688 797 2748 books
834 2692 871 2752 in
908 2692 1012 2752 blue
1049 2692 1130 2752 and
1175 2694 1241 2754 red
1286 2696 1442 2756 letters
1471 2696 1761 2756 alternately.

331 2744 473 2804 Yellow
526 2748 888 2808 initial-strokes.
948 2752 1017 2812 At
1047 2753 1114 2813 the
1160 2754 1235 2814 end
1273 2752 1319 2812 of
1341 2756 1409 2816 the
1440 2756 1552 2816 book
1582 2756 1621 2816 in
1651 2756 1748 2816 bluc

321 2806 401 2866 and
445 2804 511 2864 red
555 2808 709 2868 letters
745 2808 1001 2868 alternately
1045 2812 1082 2872 is
1125 2812 1199 2872 the
1242 2816 1374 2876 name
1426 2816 1637 2876 Alardus
1674 2816 1761 2876 De¬

324 2868 542 2928 thouart',
565 2872 822 2932 apparently
852 2872 950 2932 that
980 2872 1025 2932 of
1048 2876 1116 2936 the
1146 2876 1410 2936 rubricator.

389 2962 600 3022 Grenville
628 2960 734 3020 copy
772 2963 849 3023 (G.
877 2968 1059 3028 12232).

1555 2971 1640 3031 IC.
1672 2976 1768 3036 103.

329 3132 573 3192 Another
603 3135 725 3195 copy
776 3139 827 3199 of
858 3144 940 3204 the
980 3144 1092 3204 New
1152 3144 1469 3204 Testament
1499 3144 1641 3204 only.

377 3224 510 3284 Leaves
543 3224 701 3284 385-481
726 3231 826 3291 only.
876 3231 934 3291 Of
950 3232 1009 3292 the
1034 3232 1134 3292 same
1159 3232 1250 3292 issue
1283 3236 1316 3296 as
1341 3236 1400 3296 the
1424 3236 1615 3296 Grenville
1641 3240 1756 3300 copy.

384 3308 445 3368 On
490 3317 675 3377 vellum.
727 3317 807 3377 402
833 3320 860 3380 X
887 3320 966 3380 292
1001 3324 1124 3384 mm.
1178 3324 1328 3384 Large
1363 3324 1558 3384 capitals
1601 3328 1769 3388 illumi¬

327 3368 483 3428 nated,
501 3374 593 3434 with
629 3380 776 3440 heads
805 3380 850 3440 of
877 3380 951 3440 the
979 3384 1125 3444 sacred
1153 3384 1355 3444 writers;
1401 3388 1585 3448 running
1631 3388 1770 3448 titles,

329 3432 502 3492 smaller
545 3436 744 3496 capitals,
771 3439 849 3499 and
892 3444 1318 3504 chapter-numbers
1353 3448 1388 3508 in
1422 3448 1492 3508 red
1535 3448 1613 3508 and
1665 3448 1752 3508 blue

326 3492 615 3552 alternately.

391 3584 502 3644 King
535 3592 704 3652 George
737 3595 850 3655 III's
872 3596 973 3656 copy
1017 3600 1085 3660 (C.
1107 3600 1152 3660 9.
1163 3602 1218 3662 d.
1231 3601 1297 3661 9).

1560 3599 1644 3659 IC.
1668 3607 1779 3667 104.

336 3748 646 3808 CICERO,
683 3756 932 3816 MARCUS
969 3760 1255 3820 TULLIUS.
1329 3760 1404 3820 De
1453 3764 1665 3824 Officiis
1714 3764 1763 3824 et

403 3830 710 3890 Paradoxa.

1583 3845 1770 3905 1465.

394 3920 441 3980 ra
464 3924 582 3984 (red)
594 3929 606 3989 :
654 3934 807 3994 Marci
842 3938 972 3998 Tulij
997 3940 1220 4000 Ciceronis
1257 3944 1516 4004 Arpinatis.
1540 3944 1730 4004 osulisqe

336 3986 523 4046 romani.
554 3988 596 4048 ac
627 3994 805 4054 oratoru
836 4000 1043 4060 maximi.
1095 4000 1169 4060 Ad
1200 4000 1220 4060 M
1282 4003 1418 4063 Tuliu
1491 4004 1730 4064 Ciceronem

330 4038 416 4098 filiu
460 4044 556 4104 suù.
590 4050 762 4110 Officion
806 4056 925 4116 liber
958 4060 1141 4120 incipit.
1217 4061 1423 4121 Prefacio
1466 4064 1683 4124 generalis
1715 4064 1757 4124 in

331 4100 462 4160 libros
484 4104 660 4164 omnes.
714 4108 791 4168 766
813 4116 955 4176 (red):
977 4120 1131 4180 Marci
1153 4120 1273 4180 Tulij
1295 4120 1514 4180 Ciceronis
1536 4124 1755 4184 paradoxa

333 4162 514 4222 Incipit.
568 4161 665 4221 855.
686 4172 730 4232 1.
751 4172 837 4232 19:
965 4180 1136 4240 paupes
1169 4180 1415 4240 estimandi
1436 4184 1554 4244 sunt.
1640 4184 1770 4244 red):

338 4218 480 4278 Marci
510 4228 643 4288 Tulij
673 4235 907 4295 Ciceronis
939 4240 1173 4300 paradoxa
1214 4240 1336 4300 finit.
1396 4236 1488 4296 862.
1529 4248 1763 4308 VIErsus

338 4276 426 4336 Xi.
448 4288 682 4348 sapientuz
894 4298 1040 4358 positi
1062 4298 1106 4358 in
1139 4300 1419 4360 Epithaphio
1452 4300 1587 4360 Marc
1631 4304 1742 4364 Tuli

337 4339 574 4399 Ciceronis.
629 4340 727 4400 87b.
759 4352 1019 4412 COLOPHON
1072 4356 1223 4416 (red):
1268 4360 1451 4420 Presens
1494 4360 1635 4420 Marci
1668 4364 1777 4424 tulij

329 4399 563 4459 clarissimù
613 4407 746 4467 opus.
776 4412 858 4472 Jo¬
889 4416 1062 4476 hannes
1102 4418 1193 4478 fust
1235 4413 1499 4473 Mogûtinus
1539 4420 1672 4480 ciuis,
1702 4422 1753 4482 no

330 4458 521 4518 atrame¬
554 4464 618 4524 to.
639 4472 832 4532 plumali
843 4473 950 4533 canna
981 4476 1078 4536 neque
1100 4476 1239 4536 aerea.
1281 4478 1367 4538 Sed
1399 4480 1485 4540 arte
1517 4480 1624 4540 qua¬
1645 4483 1741 4543 Idam

333 4519 588 4579 perpulcra.
608 4528 730 4588 Petri
750 4532 873 4592 manu
913 4536 1036 4596 pueri
1056 4536 1148 4596 mei
1168 4536 1260 4596 feli¬
1301 4536 1413 4596 citer
1433 4537 1566 4597 effeci
1586 4544 1769 4604 finitum,

329 4577 482 4637 Anno.
502 4584 780 4644 M.cecc.lxv.
831 4588 923 4648 88a.
945 4598 1108 4658 Manlio
1139 4600 1366 4660 torquato.
1386 4600 1581 4660 Flaccus,
1602 4600 1653 4660 de
1673 4600 1755 4660 vite

334 4636 576 4696 nu-mane
612 4648 853 4708 breuitate.
876 4652 901 4712 p
935 4660 1154 4720 oparacos
1188 4657 1315 4717 tépis.
1340 4662 1442 4722 hec.
1535 4664 1766 4724 Diffugere

322 4697 486 4757 niues.

1883 552 2005 612 Folio.
2053 552 2182 612 [a-P.]
2229 552 2270 612 88
2298 552 2448 612 leaves.
2488 549 2563 609 1b:
2597 552 2638 612 28
2665 556 2781 616 lines,
2808 556 2870 616 154
2890 556 2903 616 x
2930 556 2964 616 86
2998 556 3094 616 mm.
3141 555 3277 615 Titles,

1828 600 1965 660 section
1999 600 2209 660 headings,
2226 600 2294 660 and
2323 600 2499 660 colophon
2533 600 2562 660 in
2590 600 2675 660 red.
2721 602 2829 662 One-
2846 603 2880 663 to
2908 602 3119 662 seven-line
3141 604 3272 664 spaces

1831 646 1896 706 left
1922 648 1974 708 for
2008 648 2191 708 capitals.
2236 648 2393 708 Types:
2432 651 2524 711 118,
2551 652 2812 712 title-heading
2844 652 2916 712 and
2956 652 3178 712 colophon;
3211 654 3276 714 91,

1827 696 1977 756 leaded,
1988 696 2081 756 text.
2128 696 2313 756 Hyphens
2336 698 2475 758 outside
2498 700 2556 760 the
2573 699 2667 759 line.
2695 698 2713 758 A
2747 700 2799 760 few
2834 700 2950 760 Greek
2973 700 3187 760 quotations
3211 698 3268 758 are

1830 744 1996 804 printed,
2020 744 2139 804 partly
2175 748 2251 808 with
2293 746 2412 806 Greek
2448 748 2596 808 letters,
2620 747 2733 807 partly
2768 748 2852 808 with
2887 748 2947 808 the
2976 748 3066 808 type
3095 750 3184 810 used
3220 752 3273 812 for

1828 796 1882 856 the
1906 796 1985 856 rest
2003 796 2045 856 of
2063 796 2117 856 the
2148 796 2239 856 text.
2294 796 2378 856 Two
2402 800 2596 860 pinholes,
2614 798 2651 858 at
2663 799 2784 859 sides.
2832 800 2929 860 Hain
2959 798 3074 858 5238.

1890 869 1948 929 On
1984 872 2168 932 vellum.
2234 872 2306 932 252
2335 870 2351 930 x
2387 871 2460 931 168
2490 872 2607 932 mm.
2665 875 2811 935 Large
2848 873 3030 933 capitals
3068 875 3265 935 supplied

1824 928 1859 988 in
1894 928 1957 988 red
2000 929 2077 989 and
2112 929 2204 989 blue
2232 928 2246 988 ;
2274 932 2450 992 smaller
2486 932 2676 992 capitals
2711 936 2788 996 and
2831 936 3282 996 paragraph-marks,

1823 992 1940 1052 some
1976 992 2003 1052 in
2038 992 2135 1052 red,
2156 992 2302 1052 others
2329 996 2364 1056 in
2398 996 2496 1056 blue
2524 996 2537 1056 ;
2565 996 2905 1056 initial-strokes
2932 992 2968 1052 in
3002 994 3099 1054 red.

1891 1075 2113 1135 Grenville
2139 1072 2246 1132 copy
2282 1073 2362 1133 (G.
2389 1088 2540 1148 9337).

3064 1080 3151 1140 IB.
3168 1084 3280 1144 109.

1824 1220 2074 1280 Another
2108 1216 2280 1276 copy.

1877 1296 2053 1356 Without
2066 1296 2127 1356 the
2154 1299 2303 1359 printed
2329 1300 2451 1360 rubric
2471 1300 2511 1360 on
2545 1296 2626 1356 85b.

1894 1369 1950 1429 On
1993 1376 2184 1436 vellum.
2247 1376 2325 1436 242
2353 1376 2367 1436 X
2403 1376 2473 1436 172
2516 1376 2636 1436 mm.
2693 1376 2834 1436 Large
2884 1376 3074 1436 capitals
3110 1376 3273 1436 illumi¬

1824 1432 1990 1492 nated;
2030 1436 2209 1496 smaller
2241 1436 2428 1496 capitals
2460 1436 2543 1496 and
2582 1436 3012 1496 paragraph-marks
3044 1436 3076 1496 in
3121 1436 3185 1496 red
3223 1436 3268 1496 or

1825 1492 1920 1552 blue
1947 1492 1960 1552 ;
1988 1496 2328 1556 initial-strokes
2362 1496 2389 1556 in
2423 1496 2525 1556 red.
2587 1496 2872 1556 Manuscript
2892 1496 3042 1556 notes.

1884 1575 2001 1635 King
2034 1576 2209 1636 George
2242 1580 2350 1640 III's
2374 1576 2483 1636 copy
2525 1580 2599 1640 (C.
2616 1580 2658 1640 1.
2682 1583 2733 1643 b.
2749 1583 2815 1643 5).

3070 1579 3153 1639 IB.
3181 1580 3293 1640 108.

1824 1716 2076 1776 Another
2103 1712 2276 1772 copy.

1872 1791 1969 1851 With
1998 1796 2053 1856 the
2081 1796 2228 1856 printed
2255 1796 2374 1856 rubric
2402 1796 2437 1856 on
2471 1796 2555 1856 85b.

1883 1872 2001 1932 240X
2036 1872 2112 1932 165
2147 1875 2258 1935 mm.
2320 1875 2459 1935 Large
2500 1876 2688 1936 capitals
2723 1876 3000 1936 illuminated
3028 1876 3049 1936 ;
3091 1875 3271 1935 smaller

1821 1932 2003 1992 capitals
2043 1932 2121 1992 and
2173 1936 2592 1996 paragraph-marks
2638 1936 2671 1996 in
2717 1936 2782 1996 red
2827 1936 2880 1996 or
2919 1936 3056 1996 blue;
3103 1936 3272 1996 initial¬

1825 1992 1991 2052 strokes
2018 1992 2051 2052 in
2084 1995 2178 2055 red.
2245 1996 2478 2056 Elaborate
2511 1996 2631 2056 floral
2651 1996 2918 2056 scroll-work
2952 1996 2998 2056 at
3025 1995 3258 2055 beginning

1825 2049 1873 2109 of
1894 2052 2033 2112 books
2060 2052 2081 2112 1
2109 2056 2192 2116 and
2226 2056 2276 2116 3,
2289 2056 2365 2116 and
2407 2056 2476 2116 the
2518 2056 2781 2116 Paradoxa.
2836 2056 2989 2116 Bound
3038 2052 3086 2112 by
3120 2052 3273 2112 Roger

1834 2112 2007 2172 Payne.

1895 2196 2169 2256 Cracherode
2208 2199 2341 2259 copy.

3072 2200 3155 2260 IB.
3173 2200 3280 2260 110.

1834 2344 2300 2404 BONIFACIUS
2359 2345 2528 2405 VIII.
2608 2350 2776 2410 Liber
2816 2352 2994 2412 sextus
3034 2348 3281 2408 decreta¬

1893 2428 2051 2488 lium.
2122 2426 2228 2486 Cum
2291 2430 2538 2490 apparatu
2591 2432 2812 2492 Joannis
2856 2432 3104 2492 Andreae
3147 2431 3262 2491 sand

1897 2508 2139 2568 prefaced
2184 2508 2238 2568 by
2283 2512 2355 2572 his
2390 2512 2525 2572 tract
2561 2508 2615 2568 on
2660 2511 3064 2571 consanguinity

2632 2572 2721 2632 *17
2766 2592 3089 2652 December,
3122 2592 3279 2652 1465.

1883 2672 1946 2732 12.
1978 2679 2153 2739 [CIrca
2177 2680 2335 2740 lectura
2367 2680 2533 2740 arboris
2557 2680 2748 2740 diuersis
2764 2680 2842 2740 olim
2930 2681 3096 2741 diuersu
3136 2683 3255 2743 modu

1825 2736 2047 2796 tenentib»
2075 2740 2207 2800 Iohës
2235 2738 2283 2798 de
2346 2739 2422 2799 deo
2464 2740 2693 2800 hyspanus
2728 2741 2825 2801 post
2860 2744 2957 2804 illos
2984 2744 3103 2804 lcure
3137 2733 3172 2793 ip

1824 2799 1986 2859 arboris
2029 2800 2142 2860 nouû
2184 2800 2340 2860 moduz
2375 2800 2573 2860 assumes
2608 2800 2629 2860 p
2672 2803 2778 2863 suas
2813 2804 2969 2864 metri¬
3004 2804 3075 2864 cas
3110 2802 3273 2862 reglas.

1821 2856 1938 2916 ipius
1967 2856 2202 2916 intellectum
2224 2860 2341 2920 nisus
2370 2860 2451 2920 fuit
2474 2861 2672 2921 apire..

1891 2938 1949 2998 5'.
1974 2944 2065 3004 col.
2090 2946 2115 3006 1
2148 2948 2538 3008 [Commentary:
2563 2943 2712 3003 QJVia
2754 2952 2994 3012 pposterus
3028 2950 3094 3010 est
3135 2952 3268 3012 ordo.

1825 3006 1943 3066 prius
1978 3007 2172 3067 humana
2248 3008 2443 3068 subsidia
2484 3008 2610 3068 peté,
2644 3008 2693 3068 ut
2728 3008 2811 3068 illis
2853 3011 3103 3071 deficietibz
3130 3008 3269 3068 diuini

1830 3064 1992 3124 fauoris
2014 3065 2083 3125 grâ
2114 3064 2237 3124 postu
2282 3068 2436 3128 lef...
2467 3068 2582 3128 Col.
2597 3072 2643 3132 2,
2658 3072 2758 3132 text
2774 3068 2920 3128 (red):
2965 3072 3127 3132 Incipit
3149 3072 3264 3132 liber

1830 3127 1981 3187 sextus
2031 3126 2326 3186 decreta¬liü
2377 3126 2463 3186 dni
2499 3128 2715 3188 bonifacij
2758 3128 2873 3188 pape
2930 3128 3031 3188 .viij.
3075 3132 3277 3192 (black:)

1856 3176 1872 3236 B
1912 3184 2389 3244 Onifaciusepiscopus
2413 3188 2518 3248 puus
2558 3188 2655 3248 buon
2679 3188 2752 3248 dei
2760 3190 2833 3250 ...
2857 3188 2978 3248 1412.
2994 3191 3260 3251 COLOPHON

1836 3244 1947 3304 (red)
1961 3244 1975 3304 :
2002 3244 2190 3304 Presens
2224 3248 2357 3308 huius
2391 3248 2516 3308 sexti
2558 3248 2794 3308 decretaliu
2842 3250 3071 3310 preclarum
3141 3248 3273 3308 opus.

1824 3306 1901 3366 non
1972 3308 2255 3368 atramento.
2275 3308 2467 3368 plumali
2494 3308 2635 3368 canna
2673 3308 2776 3368 neqe
2796 3305 2951 3365 aerea.
2970 3308 2989 3368 ß
3027 3308 3259 3368 artificiosa

1827 3363 1934 3423 qua¬
1968 3364 2048 3424 dam
2108 3368 2429 3428 adinuentione
2476 3368 2770 3428 imprimendi
2797 3364 2871 3424 seu
2917 3368 3271 3428 caracterizandi

1829 3424 1875 3484 sic
1942 3425 2157 3485 effigiatum.
2183 3427 2223 3487 et
2243 3424 2284 3484 ad
2317 3428 2490 3488 eusebiam
2524 3428 2591 3488 dei
2611 3428 2812 3488 industrie
2839 3424 2905 3484 est
2925 3430 3180 3490 psummatum
3200 3430 3266 3490 per

1830 3484 2020 3544 lohanne
2069 3486 2161 3546 fust
2196 3488 2309 3548 ciuem
2372 3484 2633 3544 moguntinu
2675 3488 2724 3548 et
2759 3482 2886 3542 Petrû
2929 3488 3133 3548 schoiffer
3168 3488 3217 3548 de

1834 3544 2122 3604 gernbheym.
2176 3546 2309 3606 Anno
2347 3548 2542 3608 domini.
2573 3548 2635 3608 M.
2659 3548 2776 3608 cccc.
2799 3548 3227 3608 sexagesimoquito.

1831 3604 1908 3664 Die
1944 3604 2035 3664 vero
2070 3607 2431 3667 decimaseptima
2466 3608 2628 3668 mensis
2650 3608 2918 3668 decembris.

1877 3680 2006 3740 Folio.
2049 3683 2085 3743 [A
2136 3675 2236 3735 a-cio
2258 3669 2387 3729 d'e
2480 3673 2524 3733 ké
2646 3676 2912 3736 m-o142
2940 3684 3084 3744 leaves,
3105 3683 3163 3743 the
3192 3684 3270 3744 last

1829 3731 1960 3791 blank.
2007 3728 2024 3788 2
2048 3732 2244 3792 columns.
2291 3728 2327 3788 1a
2345 3728 2357 3788 :
2386 3730 2422 3790 48
2458 3732 2553 3792 lines
2582 3736 2624 3796 of
2647 3736 2742 3796 text,
2766 3729 2867 3789 279X
2896 3732 2956 3792 198
2985 3735 3080 3795 mm.
3128 3728 3193 3788 62:
3217 3728 3258 3788 70

1824 3776 1920 3836 lines
1944 3776 1978 3836 of
1995 3780 2188 3840 comment
2210 3781 2455 3841 surrounding
2483 3782 2574 3842 text,
2591 3784 2653 3844 321
2671 3783 2687 3843 x
2710 3780 2772 3840 239
2801 3780 2891 3840 mm.
2943 3783 3124 3843 Hyphens
3147 3780 3266 3840 some-

1829 3827 1933 3887 times
1968 3828 2113 3888 within,
2130 3828 2350 3888 sometimes
2379 3832 2524 3892 outside
2554 3832 2617 3892 the
2646 3832 2820 3892 column.
2867 3826 3023 3886 Types:
3047 3828 3134 3888 118,
3157 3828 3238 3888 text

1828 3873 1885 3933 91,
1902 3876 2180 3936 commentary.
2231 3878 2356 3938 Two-,
2367 3880 2509 3940 three-,
2520 3880 2588 3940 and
2611 3880 2775 3940 four-line
2804 3878 2934 3938 spaces
2951 3879 3014 3939 left
3031 3876 3081 3936 for
3104 3876 3257 3936 capitals

1826 3922 1892 3982 and
1928 3924 1940 3984 a
1977 3924 2085 3984 blank
2116 3924 2170 3984 (65
2194 3924 2206 3984 x
2230 3928 2267 3988 68
2291 3928 2406 3988 mm.)
2430 3928 2485 3988 for
2509 3928 2552 3988 an
2588 3928 2830 3988 illumination
2866 3924 2968 3984 level
2993 3924 3071 3984 with
3108 3924 3162 3984 the
3199 3922 3259 3982 be¬

1826 3972 1976 4032 ginning
2005 3976 2041 4036 of
2069 3976 2127 4036 the
2149 3976 2242 4036 text.
2292 3976 2393 4036 With
2421 3976 2565 4036 printed
2586 3979 2752 4039 rubrics.
2795 3976 2896 4036 Four
2924 3976 3118 4036 pinholes.
3154 3976 3254 4036 Hain

1847 4020 1970 4080 3586.

1891 4101 1945 4161 On
1977 4104 2164 4164 vellum.
2219 4104 2298 4164 418
2329 4108 2344 4168 x
2376 4108 2588 4168 303mm.
2634 4104 2728 4164 The
2751 4104 2877 4164 blank
2908 4104 3002 4164 leaf
3018 4104 3064 4164 at
3081 4102 3151 4162 the
3183 4104 3252 4164 end

1818 4160 1901 4220 has
1935 4160 2040 4220 been
2088 4164 2164 4224 cut
2192 4164 2275 4224 off.
2330 4164 2393 4224 On
2441 4164 2489 4224 5°
2517 4164 2593 4224 two
2634 4163 2842 4223 bordered
2890 4161 3077 4221 capitals
3112 4161 3250 4221 added

1825 4224 1873 4284 by
1915 4224 2054 4284 hand,
2075 4224 2165 4284 with
2207 4222 2227 4282 a
2276 4224 2443 4284 picture
2471 4224 2519 4284 of
2540 4224 2609 4284 the
2658 4224 2770 4284 Pope
2811 4220 2956 4280 seated
2998 4224 3221 4284 crowned,
3241 4221 3262 4281 a

1827 4280 2027 4340 cardinal
2047 4284 2247 4344 standing
2288 4287 2341 4347 on
2381 4284 2475 4344 each
2515 4284 2602 4344 side
2635 4281 2648 4341 ;
2675 4280 2762 4340 also
2795 4280 2929 4340 small
2956 4280 3143 4340 capitals
3176 4284 3256 4344 and

1832 4344 2254 4404 paragraph-marks
2288 4340 2564 4400 throughout
2599 4340 2668 4400 the
2710 4343 2854 4403 book,
2883 4342 3138 4402 alternately
3186 4340 3248 4400 red

1824 4398 1907 4458 and
1946 4404 2068 4464 blue,
2087 4404 2344 4464 sometimes
2369 4401 2459 4461 with
2491 4400 2748 4460 ornaments
2780 4400 2818 4460 of
2844 4400 2915 4460 the
2947 4400 3068 4460 other
3094 4404 3267 4464 colour.

1829 4464 2031 4524 Running
2077 4464 2319 4524 head-lines
2358 4460 2403 4520 on
2443 4463 2541 4523 each
2574 4460 2659 4520 leaf
2685 4460 2763 4520 and
2802 4460 2822 4520 a
2862 4460 2927 4520 few
2979 4461 3267 4521 corrections,

1829 4520 1924 4580 with
1952 4524 2142 4584 remains
2170 4523 2217 4583 of
2238 4524 2496 4584 signatures,
2511 4520 2538 4580 in
2571 4520 2872 4580 manuscript.
2932 4520 2994 4580 On
3028 4520 3096 4580 the
3130 4520 3253 4580 blank

1839 4580 1940 4640 page
1970 4582 2014 4642 at
2036 4584 2109 4644 the
2138 4584 2212 4644 end
2248 4584 2285 4644 is
2314 4584 2329 4644 a
2365 4584 2584 4644 scribble:
2613 4580 2658 4640 21
2694 4584 2848 4644 marcij
2870 4583 2973 4643 1490
3016 4582 3148 4642 Dauid
3185 4579 3265 4639 fuit

1830 4643 2084 4703 ordinarius
2106 4644 2149 4704 ad
2193 4644 2208 4704 4
2244 4643 2302 4703 m.

3057 4723 3152 4783 IC.
3176 4728 3271 4788 113.

1893 4724 2079 4784 Bought
2106 4728 2142 4788 in
2177 4727 2302 4787 July,
2319 4728 2452 4788 1879.

3052 4808 3115 4868 23
