3990 5711
805 559 1121 619 CICERO,
1149 559 1384 619 MARCUS
1420 561 1700 621 TULLIUS.
1782 559 1854 619 De
1891 562 2099 622 Officiis
2135 563 2224 623 and

871 639 1186 699 Paradoxa.

1688 650 1713 710 4
1757 643 2060 703 February,
2087 643 2244 703 1466.

862 731 903 791 1*
935 732 1060 792 (red)
1068 732 1084 792 :
1125 731 1274 791 Marci
1306 735 1430 795 Tulij
1462 735 1692 795 Ciceronis
1734 739 1989 799 Arpinatis.
2013 739 2203 799 osulisqe

789 795 983 855 romani.
1008 795 1054 855 ac
1093 793 1280 853 oratorum
1307 795 1520 855 maximi.
1546 798 1618 858 Ad
1663 797 1682 857 M
1747 795 1890 855 Tulium
1922 799 2213 859 Ciceronem

800 853 877 913 filiu
927 855 1026 915 suu.
1054 851 1238 911 Officion
1287 855 1400 915 liber
1435 859 1895 919 incipit.Prefatio
1938 859 2157 919 generalis
2199 857 2235 917 in

799 911 928 971 libros
955 911 1133 971 omnes.
1194 907 1269 967 76°
1289 912 1425 972 (red):
1452 915 1603 975 Marci
1623 915 1739 975 Tulij
1759 915 1984 975 Ciceronis
2011 915 2236 975 paradoxa

804 975 983 1035 Incipit.
1091 971 1184 1031 85°.
1206 971 1242 1031 l.
1263 972 1350 1032 19:
1378 977 1393 1037 .
1421 979 1443 1039 .
1471 979 1486 1039 .
1507 975 1672 1035 panpes
1702 975 1946 1035 estimandi
1967 975 2060 1035 sût.
2118 975 2232 1035 (End

797 1033 841 1093 of
877 1033 1148 1093 Paradoxa.)
1206 1031 1301 1091 86°.
1338 1035 1593 1095 [VErsus.
1608 1035 1695 1095 xij.
1717 1035 1914 1095 sapientu
1952 1038 2031 1098 ...
2098 1035 2243 1095 positi

790 1091 830 1151 in
871 1094 1170 1154 Epithaphio.
1197 1091 1340 1151 Marci
1374 1095 1497 1155 Tulij
1531 1095 1776 1155 Ciceronis.
1830 1091 1926 1151 87b.
1960 1095 2224 1155 COLOPHON

802 1147 935 1207 (red):
983 1147 1169 1207 Presens
1209 1151 1356 1211 Marci
1383 1155 1489 1215 tulij
1515 1155 1749 1215 clarissimü
1796 1155 1929 1215 opus.
1956 1155 2029 1215 Jo¬
2069 1155 2236 1215 hannes

790 1211 877 1271 fust
903 1207 1173 1267 Mogûtinus
1206 1211 1334 1271 ciuis.
1368 1214 1422 1274 no
1462 1215 1658 1275 atramen¬
1691 1217 1758 1277 to.
1778 1215 1967 1275 plumali
1994 1215 2102 1275 canna
2149 1216 2237 1276 nequ

794 1271 945 1331 aerea.
983 1271 1065 1331 Sed
1115 1271 1210 1331 arte
1254 1275 1361 1335 qua¬
1399 1275 1480 1335 dam
1544 1273 1802 1333 perpulcra.
1833 1275 1966 1335 manu
2016 1272 2142 1332 Petri
2180 1277 2230 1337 de

792 1328 1005 1388 gernshem
1098 1327 1225 1387 pueri
1252 1331 1346 1391 mei
1366 1335 1552 1395 feliciter
1586 1335 1713 1395 effeci
1733 1335 1934 1395 finitum.
1993 1335 2147 1395 Anno.
2174 1335 2240 1395 M.

838 1391 1093 1451 .cccc.lxvi.
1113 1391 1266 1451 quarta
1300 1391 1366 1451 die
1394 1391 1554 1451 mensis
1581 1393 1808 1453 februarij.
1828 1395 1888 1455 tc.
1948 1391 2042 1451 882.
2069 1395 2229 1455 Manlio

782 1451 1016 1511 torquato.
1049 1450 1237 1510 Flaccus
1275 1451 1328 1511 de
1379 1451 1458 1511 vite
1503 1451 1588 1511 hu¬
1626 1454 1750 1514 mane
1801 1455 2042 1515 breuitate.
2068 1459 2087 1519 p
2133 1457 2236 1517 opa¬

791 1511 922 1571 cônem
972 1511 1081 1571 tpis.
1095 1511 1197 1571 hec.
1277 1511 1509 1571 Diffugere
1538 1511 1661 1571 niues
1684 1517 1770 1577 ...

844 1595 971 1655 Folio.
1017 1595 1131 1655 Ja-18.
1191 1595 1231 1655 88
1265 1596 1411 1656 leaves.
1458 1596 1498 1656 1b
1511 1596 1524 1656 :
1558 1599 1598 1659 28
1631 1599 1745 1659 lines,
1765 1599 1825 1659 152
1845 1599 1858 1659 x
1885 1599 1925 1659 86
1951 1600 2045 1660 mm.
2092 1603 2165 1663 Set
2192 1603 2232 1663 up

787 1643 822 1703 in
856 1643 956 1703 close
991 1647 1171 1707 imitation
1213 1644 1253 1704 of
1276 1647 1335 1707 the
1370 1647 1457 1707 1465
1492 1647 1656 1707 edition,
1679 1648 1755 1708 with
1795 1647 1854 1707 the
1895 1651 1994 1711 same
2028 1651 2133 1711 types
2169 1651 2233 1711 and

783 1695 1074 1755 arrangement.
1127 1695 1213 1755 Two
1240 1699 1432 1759 pinholes,
1452 1699 1492 1759 at
1506 1699 1631 1759 sides.
1677 1699 1777 1759 Hain
1823 1700 1943 1760 5239.

847 1781 908 1841 On
943 1783 1128 1843 vellum.
1190 1787 1307 1847 243X
1341 1783 1417 1843 165
1451 1787 1561 1847 mm.
1609 1787 1753 1847 Large
1780 1787 1973 1847 capitals
2000 1789 2034 1849 in
2068 1787 2240 1847 several

795 1843 989 1903 colours,
1016 1843 1149 1903 floral
1183 1843 1430 1903 scrollwork
1477 1847 1610 1907 round
1657 1847 1724 1907 the
1757 1847 1857 1907 first
1891 1848 2024 1908 page.

2083 1847 2143 1907 On
2188 1843 2218 1903 1

784 1901 863 1961 and
907 1903 1029 1963 again
1072 1903 1116 1963 on
1159 1903 1239 1963 76°
1260 1903 1297 1963 is
1326 1905 1507 1965 painted
1549 1903 1564 1963 a
1607 1907 1802 1967 monkey
1832 1907 2012 1967 holding
2055 1907 2070 1967 a
2106 1911 2244 1971 label,

783 1959 818 2019 in
853 1959 922 2019 the
957 1959 1054 2019 first
1089 1959 1180 2019 case
1222 1959 1291 2019 the
1333 1963 1451 2023 label
1479 1965 1604 2025 bears
1639 1966 1716 2026 the
1751 1967 1904 2027 letters
1939 1967 2001 2027 D.
2036 1967 2092 2027 Z.
2113 1969 2155 2029 I.
2175 1968 2238 2028 H.

776 2019 965 2079 beneath
1007 2023 1021 2083 a
1063 2023 1252 2083 coronet
1266 2023 1287 2083 ;
1323 2023 1357 2083 in
1392 2023 1469 2083 the
1505 2025 1693 2085 second,
1722 2027 1792 2087 the
1834 2024 1981 2084 letters
2016 2027 2086 2087 N.
2107 2027 2163 2087 A.
2184 2027 2248 2087 V.

788 2080 978 2140 Smaller
1013 2083 1203 2143 capitals
1246 2083 1324 2143 and
1374 2085 1812 2145 paragraph-marks
1847 2086 1882 2146 in
1924 2087 1988 2147 red
2030 2087 2086 2147 or
2122 2087 2242 2147 blue.

788 2139 1129 2199 Initial-strokes
1170 2141 1211 2201 in
1259 2143 1443 2203 yellow.
1526 2144 1675 2204 Bound
1724 2147 1758 2207 in
1805 2147 2024 2207 imitation
2079 2147 2126 2207 of
2160 2147 2228 2207 the

789 2199 908 2259 work
943 2203 985 2263 of
1020 2203 1174 2263 Roger
1202 2203 1370 2263 Payne.

845 2295 1130 2355 Cracherode
1158 2296 1296 2356 copy.
1342 2299 1481 2359 (Date
1508 2299 1555 2359 of
1583 2299 1822 2359 purchase,
1841 2303 1989 2363 1792.)
2034 2300 2118 2360 IB.
2146 2307 2248 2367 115.

794 2443 1048 2503 Another
1075 2447 1238 2507 copy.

843 2539 904 2599 On
935 2543 1122 2603 vellum.
1184 2543 1308 2603 250X
1347 2547 1417 2607 170
1448 2547 1564 2607 mm.
1626 2547 1781 2607 Bound
1813 2547 1867 2607 by
1905 2547 2068 2607 Lewis.

855 2635 1072 2695 Grenville
1109 2635 1217 2695 copy
1244 2639 1326 2699 (G.
1344 2641 1507 2701 9338).

2016 2643 2105 2703 IB.
2123 2647 2240 2707 116.

781 2774 1036 2834 Another
1073 2776 1233 2836 copy.

841 2867 965 2927 251x
997 2867 1075 2927 168
1129 2871 1247 2931 mm.
1302 2875 1567 2935 Imperfect,
1606 2875 1802 2935 wanting
1856 2879 1935 2939 the
1989 2879 2091 2939 first
2130 2880 2239 2940 leaf,

780 2931 971 2991 supplied
1008 2927 1045 2987 in
1089 2931 1383 2991 manuscript,
1405 2935 1486 2995 also
1523 2935 1618 2995 leaf
1641 2946 1721 3006 33.
1780 2938 1920 2998 Large
1956 2939 2148 2999 capitals
2184 2939 2221 2999 in

779 2984 856 3044 two
899 2987 1076 3047 colours
1104 2987 1197 3047 with
1232 2991 1487 3051 decorative
1523 2995 1807 3055 marginalia.
1878 2996 2027 3056 Small
2041 2999 2225 3059 capitals

784 3047 864 3107 and
901 3051 1332 3111 paragraph-marks
1368 3051 1405 3111 in
1441 3052 1544 3112 blue
1580 3053 1632 3113 or
1653 3055 1756 3115 red.
1807 3059 2158 3119 Initial-strokes
2187 3059 2223 3119 in

789 3107 896 3167 red.

853 3195 961 3255 From
1011 3199 1078 3259 the
1111 3203 1311 3263 libraries
1336 3203 1378 3263 of
1403 3205 1460 3265 R.
1486 3207 1668 3267 Farmer
1693 3207 1768 3267 and
1801 3207 1893 3267 Dr.
1910 3211 2110 3271 Burney,
2135 3211 2226 3271 with

777 3255 897 3315 three
934 3259 1069 3319 pages
1091 3259 1137 3319 of
1166 3263 1548 3323 bibliographical
1571 3267 1691 3327 notes
1721 3267 1765 3327 on
1811 3267 1885 3327 the
1923 3267 2036 3327 book
2073 3271 2125 3331 by
2163 3271 2222 3331 the

785 3319 968 3379 former.
1028 3322 1127 3382 18th
1159 3323 1341 3383 century
1379 3324 1555 3384 English
1592 3327 1661 3387 red
1699 3327 1927 3387 morocco.

846 3415 1059 3475 Bought.

2020 3423 2112 3483 IB.
2130 3426 2242 3486 117.

787 3551 1035 3611 Another
1071 3555 1231 3615 copy.

838 3647 1073 3707 257X171
1107 3651 1230 3711 mm.
1282 3655 1491 3715 Wanting
1535 3656 1631 3716 leaf
1648 3663 1726 3723 33.
1779 3659 1928 3719 Large
1962 3659 2154 3719 capitals
2188 3661 2223 3721 in

787 3707 953 3767 colours
983 3707 1073 3767 with
1112 3711 1360 3771 decorative
1398 3715 1685 3775 marginalia.
1746 3715 1896 3775 Small
1919 3719 2108 3779 capitals
2138 3719 2221 3779 and

775 3771 1207 3831 paragraph-marks
1235 3771 1269 3831 in
1303 3771 1399 3831 blue
1433 3775 1509 3835 and
1536 3775 1632 3835 red.
1694 3775 2044 3835 Initial-strokes
2072 3779 2106 3839 in
2140 3781 2236 3841 red.

844 3863 1130 3923 Manuscript
1170 3867 1273 3927 note
1320 3867 1376 3927 on
1432 3863 1503 3923 1e:
1567 3871 1710 3931 Liber
1766 3871 1893 3931 mon,
1941 3871 2044 3931 bea.
2084 3874 2219 3934 Marie

791 3919 956 3979 Vginis
999 3923 1051 3983 de
1086 3926 1312 3986 Woburna
1356 3931 1589 3991 compatus
1624 3934 1651 3994 p
1694 3927 1772 3987 don
1824 3931 2049 3991 Robertum
2111 3935 2223 3995 hobs

776 3983 939 4043 Abbëm
991 3983 1035 4043 a°
1072 3983 1206 4043 1523.
1280 3988 1666 4048 Bibliographical
1696 3987 1822 4047 notes
1851 3991 2015 4051 written
2053 3991 2104 4051 on
2141 3992 2215 4052 the

778 4039 1031 4099 fly-leaves,
1070 4047 1213 4107 partly
1260 4047 1482 4107 identical
1522 4048 1624 4108 with
1680 4051 1767 4111 Dr.
1806 4051 2052 4111 Farmer's.
2115 4055 2210 4115 18th

772 4103 954 4163 century
995 4107 1177 4167 English
1212 4103 1282 4163 red
1310 4107 1540 4167 morocco.

837 4195 950 4255 King
987 4199 1154 4259 George
1192 4199 1295 4259 III's
1322 4203 1435 4263 copy
1472 4205 1547 4265 (C.
1575 4203 1612 4263 1.
1630 4203 1678 4263 b.
1696 4206 1761 4266 6).

2014 4207 2104 4267 IB.
2122 4207 2230 4267 118.

775 4331 1103 4391 THOMAS
1179 4343 1583 4403 AQUINAS.
1648 4343 1911 4403 Summa,
1954 4347 2205 4407 Secunda

846 4418 1164 4478 Secundae.

1730 4417 1784 4477 16
1826 4424 2049 4484 March,
2070 4427 2220 4487 1467.

837 4507 894 4567 1e.
943 4511 1098 4571 POst
1131 4515 1286 4575 omune
1327 4519 1694 4579 co-sideracoem
1759 4519 1816 4579 de
1923 4519 2135 4579 virtutibz
2168 4522 2216 4582 et

773 4565 837 4625 vi-
870 4569 975 4629 cijs.
991 4571 1039 4631 et
1063 4573 1160 4633 alijs
1185 4575 1233 4635 ad
1306 4579 1483 4639 materia
1516 4579 1677 4639 morale
1742 4579 1928 4639 ptinêtib
1992 4579 2089 4639 ncce

774 4627 986 4687 osiderare
1023 4631 1106 4691 sin-
1144 4631 1242 4691 gula
1288 4635 1326 4695 in
1363 4639 1552 4699 speciali
1575 4639 1598 4699 .
1621 4639 1681 4699 ..

1730 4639 1859 4699 252b.
1892 4639 2169 4699 COLOPHON
2203 4639 2216 4699 :

770 4687 869 4747 Hoc
902 4691 1003 4751 opus
1027 4691 1235 4751 preclarum
1251 4695 1343 4755 scoa
1376 4699 1467 4759 scoe
1493 4699 1559 4759 bti
1584 4699 1734 4759 thome
1767 4699 1808 4759 de
1841 4699 1999 4759 aquino
2075 4703 2207 4763 Alma

2307 554 2335 614 in
2391 555 2490 615 vrbe
2547 559 2780 619 moguntia
2836 559 2985 619 inclite
3035 559 3183 619 naconis
3232 559 3479 619 germaice.
3550 560 3649 620 quam
3684 559 3762 619 dei

2303 615 2500 675 clementia
2527 615 2595 675 tam
2643 619 2725 679 alti
2752 615 2915 675 ingenij
2942 618 3099 678 lumie.
3119 619 3289 679 donoque
3310 619 3405 679 gra¬
3446 619 3582 679 tuito.
3602 619 3752 679 ceteris

2304 672 2480 732 terrarum
2500 675 2702 735 naconnibz
2723 678 2853 738 preferre
2879 679 3141 739 illustrareque
3187 679 3396 739 dignatus
3422 679 3468 739 est.
3494 679 3743 739 Artificiosa

2309 735 2456 795 quadam
2489 735 2762 795 adinuencone
2796 738 2942 798 impri¬
2982 735 3142 795 mendi
3169 735 3236 795 seu
3282 739 3603 799 caracterizandi
3637 739 3764 799 absque

2295 793 2379 853 vlla
2424 795 2591 855 calami
2631 795 2792 855 exara¬
2830 795 2947 855 tione
2998 795 3056 855 sic
3108 796 3333 856 effigiatu,
3372 795 3417 855 et
3462 799 3514 859 ad
3571 799 3745 859 eusebia

2302 851 2394 911 dei.
2414 855 2624 915 industrie
2663 859 2729 919 est
2781 858 3038 918 osummatû
3077 856 3156 916 per
3195 859 3353 919 Petrum
3412 855 3655 915 schoiffher
3701 855 3747 915 de

2292 914 2575 974 gernpheim.
2667 915 2806 975 Anno
2858 915 2944 975 dni
2990 915 3300 975 .M.cccc.lxvij
3346 915 3419 975 die
3458 915 3583 975 sexta
3622 915 3748 975 mens

2310 972 2480 1032 marcij.
2540 977 2643 1037 253°
2673 975 2858 1035 (table):
2888 975 3134 1035 [QVestio
3170 975 3311 1035 prima
3341 975 3393 1035 de
3430 975 3630 1035 virtutibz
3652 979 3757 1039 ...

2303 1031 2425 1091 258°.
2459 1031 2602 1091 END:
2650 1035 2860 1095 Explicit
2902 1035 3003 1095 ordo
3051 1035 3092 1095 et
3133 1035 3324 1095 signatio
3371 1035 3609 1095 questionû
3664 1035 3760 1095 scoi

2294 1091 2403 1151 libri
2430 1093 2499 1153 se¬
2532 1095 2642 1155 cude
2683 1095 2764 1155 ptis
2806 1095 2874 1155 bti
2901 1099 3051 1159 thome
3085 1096 3133 1156 de
3181 1099 3365 1159 aquino.
3427 1096 3631 1156 bndictus
3672 1095 3720 1155 de

2289 1152 2460 1212 Ame.

2348 1239 2477 1299 Folio.
2520 1243 2588 1303 258
2619 1243 2767 1303 leaves.
2828 1243 2841 1303 2
2871 1243 3063 1303 columns.
3112 1243 3186 1303 22:
3229 1250 3266 1310 59
3297 1243 3414 1303 lines,
3439 1243 3537 1303 269X
3568 1246 3630 1306 183
3660 1245 3753 1305 mm.

2306 1287 2436 1347 Type:
2463 1291 2522 1351 91,
2544 1291 2599 1351 the
2631 1291 2794 1351 rounded
2832 1291 3049 1351 lower-case
3086 1291 3103 1351 h
3130 1291 3200 1351 now
3234 1291 3385 1351 making
3418 1291 3466 1351 its
3494 1291 3755 1351 appearance,

2296 1337 2502 1397 seemingly
2530 1339 2579 1399 for
2595 1339 2655 1399 the
2676 1339 2753 1399 first
2774 1339 2878 1399 time.
2932 1339 3041 1399 Two-
3057 1342 3090 1402 to
3117 1339 3264 1399 six-line
3286 1339 3416 1399 spaces
3438 1339 3504 1399 left
3520 1342 3569 1402 for
3590 1339 3748 1399 capitals

2302 1387 2370 1447 and
2399 1387 2461 1447 one
2489 1388 2530 1448 of
2547 1389 2581 1449 13
2609 1387 2700 1447 lines
2729 1387 2763 1447 on
2797 1389 2854 1449 12.
2910 1391 2928 1451 A
2962 1394 3070 1454 space
3104 1392 3132 1452 is
3155 1391 3228 1451 also
3257 1391 3325 1451 left
3343 1391 3399 1451 for
3428 1391 3439 1451 a
3473 1391 3593 1451 rubric
3621 1391 3661 1451 at
3689 1391 3746 1451 the

2302 1434 2395 1494 head
2431 1436 2474 1496 of
2496 1439 2553 1499 12.
2604 1439 2704 1499 Hain
2733 1440 2878 1500 11549.

2360 1541 2419 1601 On
2470 1543 2660 1603 vellum.
2726 1543 2807 1603 367
2828 1546 2843 1606 X
2879 1547 2953 1607 259
2997 1547 3114 1607 mm.
3173 1546 3458 1606 Illuminated
3516 1547 3539 1607 P
3590 1547 3641 1607 on
3685 1545 3706 1605 1

2306 1603 2523 1663 enclosing
2558 1604 2578 1664 a
2619 1603 2809 1663 portrait
2844 1603 2891 1663 of
2925 1603 2973 1663 S.
2993 1603 3190 1663 Thomas
3224 1607 3408 1667 holding
3449 1603 3463 1663 a
3496 1605 3565 1665 lily
3605 1607 3681 1667 and
3721 1607 3742 1667 a

2303 1663 2434 1723 book,
2462 1663 2615 1723 closely
2649 1663 2913 1723 resembling
2948 1667 3045 1727 that
3066 1663 3100 1723 in
3135 1665 3219 1725 IC.
3232 1668 3336 1728 135.
3392 1663 3482 1723 The
3516 1663 3655 1723 rubric
3690 1665 3738 1725 on

2310 1716 2345 1776 1e
2374 1723 2410 1783 is
2439 1723 2517 1783 not
2539 1723 2654 1783 filled
2697 1723 2762 1783 in.
2819 1723 2963 1783 Small
2991 1723 3156 1783 initials
3192 1723 3271 1783 and
3314 1723 3744 1783 paragraph-marks

2302 1783 2499 1843 supplied
2538 1783 2570 1843 in
2610 1783 2676 1843 red
2721 1783 2801 1843 and
2840 1783 2964 1843 blue.
3024 1784 3109 1844 The
3155 1783 3345 1843 sections
3385 1783 3450 1843 are
3496 1783 3732 1843 numbered

2302 1839 2346 1899 on
2384 1843 2459 1903 the
2497 1843 2692 1903 margins
2730 1843 2761 1903 in
2811 1843 3145 1903 contemporary
3183 1843 3504 1903 handwriting.
3567 1844 3630 1904 At
3668 1846 3737 1906 the

2303 1902 2398 1962 foot
2438 1899 2486 1959 of
2534 1903 2575 1963 1e
2608 1903 2642 1963 is
2690 1903 2861 1963 written
2908 1903 3071 1963 almost
3112 1903 3343 1963 illegibly,
3391 1903 3479 1963 Iste
3527 1903 3636 1963 liber
3677 1904 3744 1964 est

2303 1963 2568 2023 Monasterij
2609 1963 2664 2023 S.
2691 1963 2827 2023 Marie
2869 1962 2923 2022 de
2971 1960 3181 2020 Casoreto
3223 1963 3270 2023 de
3318 1963 3515 2023 Milano'
3557 1963 3638 2023 and
3686 1964 3740 2024 on

2305 2019 2406 2079 2585
2439 2016 2586 2076 +yhs
2614 2023 2714 2083 m+
2747 2021 2908 2081 Questo
2942 2023 3049 2083 libro
3082 2022 3122 2082 se
3143 2019 3183 2079 se
3209 2020 3257 2080 di
3277 2023 3364 2083 seto
3404 2023 3591 2083 Tomaso
3625 2023 3672 2083 he
3705 2023 3753 2083 di

2299 2079 2367 2139 me
2414 2079 2584 2139 Turcho
2625 2083 2816 2143 balbani
2843 2083 3040 2143 habitâte
3074 2079 3094 2139 I
3122 2083 3312 2143 milano,
3332 2083 3366 2143 lo
3400 2083 3529 2143 quale
3570 2083 3699 2143 voglo

2302 2139 2373 2199 nra
2417 2139 2501 2199 vita
2546 2139 2604 2199 sia
2649 2142 2668 2202 a
2713 2143 2797 2203 mio
2841 2143 2861 2203 e
2906 2143 2957 2203 di
2989 2143 3073 2203 mio
3118 2143 3285 2203 fratello
3330 2143 3381 2203 d.
3401 2143 3561 2203 Barthô
3606 2143 3747 2203 canco.

2299 2199 2517 2259 regolare
2573 2202 2643 2262 del
2665 2199 2812 2259 ordine
2848 2203 2890 2263 di
2918 2203 2995 2263 sento
3031 2204 3178 2264 Aug°,
3199 2203 3214 2263 e
3249 2203 3354 2263 dopo
3389 2203 3460 2263 nra
3495 2203 3572 2263 vita
3608 2203 3735 2263 voglo

2302 2256 2354 2316 sia
2387 2259 2466 2319 del
2486 2259 2741 2319 Monastero
2775 2259 2820 2319 di
2847 2263 2931 2323 seta
2971 2263 3109 2323 Maria
3142 2263 3326 2323 blancha
3365 2263 3417 2323 di
3444 2263 3608 2323 milano
3647 2263 3732 2323 fore

2302 2320 2334 2380 la
2372 2319 2495 2379 porta
2533 2319 2746 2379 horientale
2778 2319 2810 2379 in
2855 2323 3048 2383 casoreto
3087 2323 3106 2383 p
3151 2323 3222 2383 vso
3261 2323 3312 2383 de
3350 2323 3460 2383 frati
3492 2323 3608 2383 canci
3634 2323 3672 2383 r.
3698 2325 3743 2385 di

2307 2377 2391 2437 seto
2427 2379 2638 2439 Agustino
2673 2379 2716 2439 ch
2758 2381 3019 2441 habiterano
3047 2383 3068 2443 i
3090 2383 3195 2443 ditto
3231 2379 3400 2439 Monre,
3421 2383 3463 2443 et
3484 2383 3506 2443 p
3541 2383 3738 2443 chiareza

2305 2439 2352 2499 di
2378 2439 2532 2499 questa
2572 2439 2652 2499 mia
2685 2439 2879 2499 Intétioe
2912 2439 3026 2499 sciuo
3065 2443 3212 2503 questo
3252 2443 3305 2503 de
3338 2443 3426 2503 mia
3465 2443 3565 2503 ppia
3606 2443 3732 2503 mano

2298 2499 2452 2559 questo
2504 2497 2555 2557 di
2593 2499 2639 2559 iij
2677 2499 2812 2559 nôbre
2870 2499 2973 2559 1472
3030 2499 3248 2559 honerando
3300 2502 3339 2562 la
3390 2503 3634 2563 consientia
3685 2504 3737 2564 de

2300 2559 2544 2619 qualuncha
2590 2559 2724 2619 psona
2769 2560 2782 2620 a
2827 2559 2904 2619 cui
2930 2563 3059 2623 mano
3091 2563 3296 2623 puenisse
3342 2563 3450 2623 ditto
3496 2563 3598 2623 libro
3644 2563 3733 2623 faza

2296 2619 2505 2679 sortischa
2533 2619 2692 2679 aefetto
2721 2619 2757 2679 ?
2800 2619 2901 2679 ditta
2930 2619 3008 2679 mia
3045 2623 3268 2683 Intetioe.'
3333 2619 3419 2679 The
3455 2623 3563 2683 book
3599 2623 3736 2683 seems

2299 2672 2333 2732 to
2366 2679 2476 2739 have
2509 2679 2612 2739 been
2646 2679 2782 2739 stolen
2830 2679 3259 2739 notwithstanding,
3279 2683 3388 2743 since
3422 2683 3491 2743 the
3531 2683 3654 2743 name
3702 2683 3749 2743 of

2300 2739 2366 2799 the
2395 2739 2644 2799 monastery
2687 2739 2761 2799 has
2790 2739 2892 2799 been
2929 2741 3170 2801 obscured,
3184 2743 3229 2803 as
3265 2743 3294 2803 in
3331 2743 3418 2803 IC.
3434 2747 3544 2807 135.

2358 2847 2475 2907 King
2504 2851 2678 2911 George
2708 2851 2814 2911 III's
2844 2851 2951 2911 copy
2980 2855 3057 2915 (C.
3078 2855 3155 2915 15.
3174 2859 3223 2919 d.
3242 2864 3310 2924 3).

3517 2855 3610 2915 IC.
3637 2859 3749 2919 122.

2295 3003 2654 3063 CLEMENS
2738 3003 2812 3063 V.
2896 3007 3361 3067 Constitutiones.
3456 3012 3571 3072 Cum
3656 3011 3742 3071 ap¬

2357 3083 2535 3143 paratu
2583 3087 2800 3147 Joannis
2838 3088 3111 3148 Andreae.
3215 3082 3271 3142 *8
3309 3091 3564 3151 October,
3592 3095 3742 3155 1467.

2352 3188 2392 3248 12
2449 3191 2770 3251 Commentary
2794 3192 2811 3252 :
2835 3195 3073 3255 IJOhânes
3097 3195 3220 3255 grosû
3262 3199 3335 3259 hoc
3369 3199 3491 3259 nome
3525 3199 3598 3259 ...
3631 3199 3737 3259 text

2298 3250 2410 3310 (red)
2442 3251 2466 3311 :
2491 3251 2603 3311 Incip
2635 3251 2876 3311 ostitucoes
2900 3255 2989 3315 cle.
3005 3257 3109 3317 ppe.
3126 3259 3174 3319 v.
3238 3259 3375 3319 vnacu
3407 3261 3624 3321 apparatu
3656 3259 3736 3319 dni

2297 3307 2427 3367 loan.
2466 3311 2643 3371 (black)
2673 3313 2965 3373 [IOhannes
2996 3315 3111 3375 epus
3149 3315 3257 3375 buus
3288 3320 3395 3380 buo¬
3525 3319 3732 3379 ...

2294 3368 2391 3428 61e.
2429 3371 2694 3431 COLOPHON
2754 3373 2875 3433 (red)
2882 3375 2898 3435 :
2943 3375 3124 3435 Presens
3170 3376 3405 3436 clementis
3450 3379 3571 3439 quiti
3623 3379 3737 3439 opus

2292 3427 2549 3487 ostituconnum
2576 3431 2841 3491 clarissimum.
2917 3435 3049 3495 Alma
3083 3435 3119 3495 in
3153 3435 3250 3495 vrbe
3285 3439 3570 3499 maguntina.
3590 3439 3736 3499 inclite

2293 3487 2479 3547 naconis
2508 3491 2789 3551 germanice.
2812 3491 2901 3551 quam
2931 3495 3004 3555 dei
3027 3495 3294 3555 clementia.
3316 3497 3391 3557 tam
3450 3499 3538 3559 alti
3569 3499 3740 3559 ingenii

2287 3547 2481 3607 lumine.
2495 3550 2659 3610 donoque
2674 3552 2940 3612 gra¬tuito.
2954 3555 3104 3615 ceteris
3133 3555 3291 3615 terrarm
3305 3559 3513 3619 naconnibs
3542 3559 3728 3619 preferre

2281 3607 2525 3667 illustrareq
2579 3611 2855 3671 di¬gnatus
2894 3615 2988 3675 est.
3059 3615 3311 3675 Artificiosa
3359 3619 3540 3679 quadam
3610 3619 3737 3679 adin¬

2289 3667 2497 3727 uentione
2547 3671 2697 3731 impri¬
2733 3671 2891 3731 mendi
2942 3672 3006 3732 seu
3063 3675 3422 3735 caracterizandi
3465 3679 3602 3739 absque
3645 3679 3723 3739 ulla

2289 3727 2460 3787 calami
2498 3731 2743 3791 exaracône
2833 3732 2892 3792 sic
2944 3735 3167 3795 effigiatu,
3204 3735 3249 3795 et
3286 3738 3339 3798 ad
3391 3735 3592 3795 eusebiam
3666 3739 3740 3799 dei

2293 3787 2501 3847 industrie
2574 3789 2589 3849 é
2648 3791 2916 3851 osummatuz
3012 3795 3093 3855 per
3153 3793 3308 3853 Petruz
3367 3795 3612 3855 schoiffher
3671 3797 3722 3857 de

2278 3847 2542 3907 gernbhem.
2600 3851 2740 3911 Anno
2798 3851 2923 3911 dnice
2988 3855 3128 3915 incar-
3164 3855 3370 3915 naconnis.
3413 3859 3735 3919 M.cccc.lxvij.

2291 3904 2460 3964 Octaua
2494 3907 2553 3967 die
2586 3907 2747 3967 mensis
2772 3911 2992 3971 octobris.
3043 3912 3145 3972 62°.
3170 3915 3373 3975 [EJXiui
3398 3918 3449 3978 de
3474 3918 3626 3978 padiso
3660 3919 3737 3979 ...

2282 3963 2381 4023 64°.
2399 3967 2432 4027 l.
2448 3971 2490 4031 31
2524 3971 2632 4031 (red)
2649 3971 2665 4031 :
2690 3971 2948 4031 Constituco
2981 3974 3249 4034 execrabilis
3274 3975 3491 4035 lohannis
3516 3977 3624 4037 pape
3649 3980 3733 4040 xij.

2286 4023 2380 4083 65°.
2414 4027 2449 4087 l.
2474 4029 2551 4089 40,
2585 4027 2730 4087 END:
2774 4031 2918 4091 Datum
2978 4035 3183 4095 auinion.
3209 4035 3312 4095 xiij.
3337 4035 3405 4095 kln
3457 4039 3730 4099 decembris.

2284 4083 2438 4143 Ponti-
2472 4089 2626 4149 ficatus
2660 4091 2814 4151 nostri.
2832 4095 2960 4155 Anno
2994 4094 3216 4154 secundo.

2328 4171 2455 4231 Folio.
2497 4175 2540 4235 65
2561 4179 2710 4239 leaves.
2745 4179 2759 4239 2
2788 4179 2986 4239 columns.
3029 4179 3107 4239 22:
3128 4181 3170 4241 70
3191 4183 3291 4243 lines
3312 4183 3348 4243 of
3369 4183 3645 4243 commentary,
3666 4183 3723 4243 320

2293 4222 2306 4282 x
2331 4219 2394 4279 238
2419 4223 2514 4283 mm.
2557 4227 2652 4287 622:
2677 4229 2715 4289 49
2746 4227 2835 4287 lines
2860 4227 2898 4287 of
2923 4228 3017 4288 text,
3036 4227 3131 4287 287X
3156 4231 3219 4291 195
3245 4231 3339 4291 mm.
3389 4231 3579 4291 Hyphens
3610 4232 3704 4292 some

2279 4270 2389 4330 times
2424 4273 2569 4333 within,
2590 4275 2812 4335 sometimes
2839 4279 2985 4339 beyond
3012 4279 3074 4339 the
3110 4279 3282 4339 column.
3324 4283 3483 4343 Types:
3517 4283 3601 4343 118,
3628 4280 3725 4340 text;

2282 4319 2345 4379 91,
2370 4323 2647 4383 commentary.
2698 4327 2804 4387 After
2843 4327 2880 4387 1e
2918 4327 3013 4387 two-
3044 4327 3113 4387 and
3150 4331 3352 4391 three-line
3390 4331 3528 4391 spaces
3566 4331 3635 4391 left
3667 4331 3723 4391 for

2280 4369 2459 4429 capitals.
2502 4375 2603 4435 Hain
2638 4379 2767 4439 15411.

2330 4454 2343 4514 A
2384 4455 2527 4515 reprint
2547 4455 2581 4515 of
2601 4455 2656 4515 the
2683 4459 2819 4519 edition
2846 4459 2887 4519 of
2907 4459 2941 4519 25
2969 4459 3084 4519 June,
3105 4459 3186 4519 1460
3220 4459 3302 4519 (IC.
3322 4459 3404 4519 82),
3425 4459 3499 4519 with
3533 4459 3546 4519 a
3573 4459 3723 4519 smaller

2278 4503 2505 4563 type-page,
2519 4507 2786 4567 necessitating
2812 4507 2873 4567 the
2899 4507 2959 4567 use
2986 4507 3027 4567 of
3047 4507 3086 4567 65
3113 4511 3254 4571 printed
3287 4511 3407 4571 leaves
3434 4511 3574 4571 instead
3608 4512 3641 4572 of
3668 4512 3727 4572 50.

2338 4581 2404 4641 On
2449 4587 2635 4647 vellum.
2695 4591 2925 4651 415+295
2969 4591 3081 4651 mm.
3133 4588 3163 4648 A
3222 4587 3282 4647 few
3341 4591 3527 4651 capitals
3564 4591 3729 4651 illumi¬

2280 4643 2442 4703 nated;
2477 4647 2647 4707 others,
2669 4650 2739 4710 and
2781 4647 2852 4707 the
2887 4651 3318 4711 paragraph-marks
3347 4653 3538 4713 supplied
3580 4651 3609 4711 in
3651 4651 3715 4711 red

2281 4703 2356 4763 and
2386 4706 2507 4766 blue.
2538 4707 2741 4767 Running
2772 4711 3021 4771 head-lines
3051 4711 3081 4771 in
3112 4711 3391 4771 manuscript
3414 4715 3460 4775 on
3490 4715 3589 4775 each
3626 4712 3732 4772 leaf.
