4081 5700
311 560 540 620 Reference
576 560 726 620 letters
748 560 783 620 to
812 560 883 620 the
912 560 1034 620 notes
1063 560 1091 620 in
1120 556 1220 616 red.
1263 552 1535 612 Imperfect;
1564 555 1750 615 wanting

309 627 373 687 the
402 627 488 687 first
510 624 618 684 leaf,
632 620 769 680 which
797 620 826 680 is
854 616 1056 676 supplied
1092 616 1127 676 in
1177 616 1422 676 facsimile'
1443 612 1487 672 by
1523 616 1630 676 hand
1659 616 1752 676 with

937 676 1026 736 The
1067 676 1299 736 existence
1348 675 1382 735 in
1430 675 1519 735 IC.
1553 672 1601 732 82
1656 672 1704 732 of
1738 672 1758 732 a

311 681 486 741 modern
532 680 890 740 illuminations.

314 747 489 807 genuine
520 744 616 804 first
647 740 743 800 leaf
766 740 807 800 of
838 739 918 799 this
949 736 1116 796 edition
1155 736 1227 796 has
1259 736 1362 796 been
1401 736 1585 796 already
1616 736 1775 796 noted.

1557 830 1648 890 IC.
1667 834 1776 894 125.

370 836 554 896 Bought
577 836 610 896 in
649 836 801 896 April,
826 832 961 892 1891.

1493 985 1656 1045 [With
1742 988 1764 1048 a

983 988 1327 1048 Institutione

315 986 890 1046 JUSTINIANUS.

1293 1058 1384 1118 124
1425 1066 1576 1126 May,
1605 1068 1766 1128 1468.

372 1069 788 1129 commentary.

372 1156 432 1216 2°.
462 1159 803 1219 Commentary
833 1150 848 1210 :
878 1148 954 1208 IJN
1007 1156 1098 1216 noie
1136 1156 1211 1216 dni
1235 1156 1302 1216 nri
1317 1156 1386 1216 ihu
1416 1156 1522 1216 xpi.
1583 1153 1643 1213 Ex
1681 1155 1764 1215 hoc

303 1222 397 1282 nota
421 1220 507 1280 ...
570 1216 719 1276 [Text
743 1214 899 1274 (red):)
939 1214 978 1274 In
1017 1216 1112 1276 noie
1143 1219 1222 1279 dni
1245 1216 1316 1276 nri
1332 1216 1450 1276 ihesu
1489 1216 1615 1276 cristi

315 1281 436 1341 pator
472 1276 587 1336 cesar
622 1275 766 1335 flauus
802 1273 888 1333 ius¬
931 1275 1146 1335 tinianus.
1168 1276 1433 1336 alamaîcus.
1455 1276 1597 1336 franc.
1655 1276 1762 1336 ger¬

300 1336 482 1396 maïcus.
503 1332 692 1392 acticus.
713 1334 860 1394 guanda
902 1336 1035 1396 licus.
1056 1336 1238 1396 africus.
1259 1336 1357 1396 pius
1385 1336 1483 1396 felix
1518 1336 1778 1396 in¬clitus.

307 1399 442 1459 uictor
469 1396 511 1456 ac
538 1392 790 1452 triumphator
844 1392 885 1452 sp
919 1393 1158 1453 augustus,
1178 1396 1327 1456 cupide
1355 1392 1450 1452 legû
1518 1394 1763 1454 iuuentuti.

307 1456 418 1516 Incip
459 1456 571 1516 liber
598 1456 731 1516 pmus
807 1456 890 1516 dni
918 1456 1078 1516 iustin.
1092 1456 1321 1516 impatoris
1348 1456 1460 1516 insti
1494 1456 1647 1516 tuconu
1689 1456 1751 1516 seu

307 1519 653 1579 elementorum.
715 1508 844 1568 103°.
871 1512 1136 1572 COLOPHON
1184 1515 1299 1575 (red)
1312 1512 1326 1572 :
1361 1512 1449 1572 Pnis
1476 1516 1754 1576 institutionu

309 1576 451 1636 pclaru
546 1574 662 1634 opus
689 1575 825 1635 Alma
866 1572 906 1632 in
941 1572 1043 1632 vrbe
1090 1575 1376 1635 magu¬na
1417 1576 1567 1636 inclite
1607 1576 1756 1636 nacôis

314 1632 480 1692 germa¬
520 1632 639 1692 nice.
655 1632 735 1692 qua
774 1632 846 1692 dei
862 1632 1068 1692 clementia
1108 1634 1172 1694 tam
1275 1632 1362 1692 alti
1386 1632 1560 1692 ingenij
1585 1636 1775 1696 lumine.

309 1696 450 1756 donoq
534 1691 760 1751 gratuito,
781 1692 936 1752 ceteris
964 1690 1106 1750 terray
1148 1696 1226 1756 na¬
1268 1696 1430 1756 tionib»
1458 1696 1620 1756 pferre,
1642 1694 1769 1754 illus¬

312 1756 440 1816 trareq
528 1752 684 1812 digtus
724 1750 812 1810 est.
840 1755 893 1815 nô
934 1755 1124 1815 atramto
1171 1755 1259 1815 oni.

1319 1753 1379 1813 non
1412 1756 1605 1816 plumali
1638 1756 1770 1816 cana.

316 1815 414 1875 neqe
433 1816 545 1876 erea.
657 1812 866 1872 artificonsa
905 1814 1056 1874 quadam
1076 1816 1259 1876 adinuen¬
1299 1816 1377 1876 cone
1410 1816 1666 1876 imprimendi
1692 1816 1757 1876 seu

321 1873 505 1933 caracte¬
539 1872 689 1932 rizandi
709 1872 757 1932 sic
791 1869 1003 1929 effigiatum.
1023 1868 1070 1928 et
1091 1872 1139 1932 ad
1173 1874 1248 1934 eum¬
1288 1875 1411 1935 sebiam
1438 1876 1534 1936 dei.
1547 1876 1765 1936 industrie

315 1935 328 1995 e
369 1930 458 1990 osum
540 1936 656 1996 matu
697 1933 717 1993 p
765 1932 888 1992 Petrû
929 1928 1155 1988 schoyffer
1182 1936 1230 1996 de
1305 1936 1572 1996 Gernbheym
1633 1936 1762 1996 Anno

318 1996 428 2056 dnice
505 1992 858 2052 incarnationis.
921 1992 1156 2052 Millesimo
1240 1994 1510 2054 cccc.lxviij.
1538 1992 1766 2052 vicesima¬

326 2056 419 2116 quar
456 2052 492 2112 ta
528 2055 594 2115 die
622 2056 788 2116 mensis
817 2056 948 2116 Maij.
1005 2056 1149 2116 END.

497 2132 648 2192 Scema
683 2132 891 2192 tabnacli
921 2130 1086 2190 moises
1121 2132 1351 2192 salomoqs
1380 2132 1494 2192 tepli

500 2191 623 2251 Haut
650 2192 753 2252 pter
786 2189 1006 2249 ingenuos
1047 2192 1204 2252 pficiût
1238 2192 1430 2252 dedalos

498 2249 560 2309 Sic
597 2252 734 2312 decus
771 2249 883 2309 eccie
927 2249 1063 2309 maius
1107 2250 1244 2310 maior
1281 2252 1480 2312 salomôe

500 2312 565 2372 Jam
625 2312 843 2372 renouas.
870 2312 1062 2372 renouat
1095 2310 1327 2370 beselehel
1360 2312 1380 2372 z
1413 2308 1519 2368 hyrä

496 2372 591 2432 Hos
625 2372 755 2432 dedit
789 2371 980 2431 eximios
1021 2368 1226 2428 sculpêdi
1253 2372 1293 2432 in
1335 2371 1424 2431 arte
1464 2372 1614 2432 mgros

499 2430 580 2490 Cui
607 2432 734 2492 placz
768 2431 808 2491 en
855 2432 1029 2492 mactos
1063 2432 1157 2492 arte
1196 2428 1318 2488 sagié
1351 2424 1465 2484 viros

495 2491 613 2551 Quos
653 2491 811 2551 genuit
844 2491 1003 2551 ambos
1042 2488 1141 2548 vrbs
1174 2492 1404 2552 magutina
1451 2491 1569 2551 iohes

495 2552 656 2612 Librou
696 2552 890 2612 insignes
930 2552 1372 2612 pthocaragmaticos

500 2609 554 2669 Cu
589 2612 725 2672 quib»
759 2612 916 2672 optatû
957 2608 1106 2668 petrus
1148 2612 1270 2672 venit
1304 2612 1352 2672 ad
1386 2612 1618 2672 poliandrû

502 2672 628 2732 Cursu
675 2672 900 2732 posterior
927 2671 1158 2731 introeudo
1205 2668 1324 2728 prior

501 2732 670 2792 Quippe
712 2732 846 2792 quib»
882 2728 1009 2788 pstat
1037 2728 1249 2788 sculpédi
1277 2725 1369 2785 lege
1411 2725 1581 2785 sagitus

495 2792 514 2852 A
572 2792 657 2852 solo
702 2792 838 2852 dante
877 2792 993 2852 lume
1032 2788 1051 2848 z
1084 2788 1259 2848 ingeniù

496 2848 626 2908 Natio
667 2848 810 2908 queqe
837 2848 906 2908 suù
954 2851 1104 2911 poteit
1131 2850 1268 2910 repire
1309 2851 1514 2911 caragma

496 2908 632 2968 Secu.
659 2912 815 2972 nempe
857 2912 951 2972 stilo
1000 2908 1176 2968 pminet
1203 2910 1408 2970 omigeno

497 2972 631 3032 Credé
673 2969 850 3029 difficile
892 2968 977 3028 est.
1005 2968 1217 3028 doctores
1245 2970 1288 3030 qo
1323 2968 1472 3028 pciosa

500 3032 670 3092 Pendat
703 3032 906 3092 mercede
946 3030 1103 3090 scripta
1149 3030 1359 3090 recorrigé

496 3088 885 3148 Orthosintheticu
924 3091 1052 3151 cuius
1086 3089 1307 3149 sintagma
1347 3088 1367 3148 p
1414 3092 1514 3152 orbe

503 3150 660 3210 Fulget
699 3152 910 3212 franciscu
950 3150 1052 3210 psto
1091 3148 1217 3208 mgrm
1279 3153 1326 3213 hz

500 3208 626 3268 Meqz
654 3211 871 3271 deuinxit
906 3211 976 3271 illi
1003 3205 1053 3265 nô
1094 3205 1179 3265 vile
1220 3208 1416 3268 tragema

507 3272 669 3332 Publica
711 3270 732 3330 ß
767 3272 979 3332 comoda.
1008 3268 1058 3328 et
1086 3264 1311 3324 terrigenu
1354 3272 1551 3332 columen

500 3325 566 3385 Sic
607 3330 721 3390 vtina
768 3328 963 3388 exscobé
996 3328 1076 3388 falb
1116 3332 1325 3392 moliatur
1351 3328 1458 3388 ydea

509 3384 593 3444 Qui
616 3392 839 3452 sintagma
877 3389 1015 3449 regût
1046 3392 1085 3452 et
1123 3391 1445 3451 pthocaragma
1483 3389 1606 3449 legût

496 3448 692 3508 Aureola
731 3450 909 3510 indubie
948 3451 1144 3511 pmiaret
1171 3448 1250 3508 eos
1283 3451 1519 3511 logothece

507 3511 676 3571 Quippe
711 3511 838 3571 libris
873 3512 1113 3572 cathedras
1148 3512 1261 3572 mille
1304 3512 1558 3572 sberudiût.

372 3584 498 3644 Folio.
541 3584 646 3644 Ja-es
668 3577 717 3637 f1o
773 3584 851 3644 g-18
872 3588 1013 3648 mn6.)
1062 3588 1125 3648 103
1146 3592 1294 3652 leaves.
1351 3592 1365 3652 2
1393 3592 1583 3652 columns.
1632 3584 1675 3644 12
1689 3584 1703 3644 :
1731 3588 1766 3648 66

326 3628 415 3688 lines
446 3630 490 3690 of
515 3636 799 3696 commentary,
824 3640 938 3700 which
976 3640 1191 3700 surrounds
1222 3640 1285 3700 the
1317 3640 1418 3700 text,
1449 3640 1513 3700 301
1538 3640 1550 3700 x
1588 3634 1651 3694 227
1682 3640 1783 3700 mm.

330 3676 474 3736 Types:
510 3682 595 3742 118,
613 3684 685 3744 text
697 3684 710 3744 ;
740 3684 807 3744 91,
825 3688 1108 3748 commentary.
1157 3688 1302 3748 Spaces
1326 3688 1393 3748 left
1417 3688 1465 3748 for
1489 3687 1580 3747 two-
1604 3685 1634 3745 to
1670 3686 1773 3746 four¬

319 3725 390 3785 line
416 3728 593 3788 capitals.
640 3732 744 3792 Four
771 3736 968 3796 pinholes.
1014 3736 1112 3796 Hain
1151 3736 1289 3796 59489.
1341 3737 1558 3797 According
1598 3738 1630 3798 to
1664 3736 1762 3796 Hain

324 3776 420 3836 some
446 3779 568 3839 copies
587 3784 677 3844 have
709 3784 934 3844 Schoeffer's
959 3784 1081 3844 device
1113 3788 1203 3848 after
1222 3786 1280 3846 the
1312 3785 1434 3845 verses
1459 3788 1498 3848 on
1537 3784 1645 3844 103b.

384 3849 451 3909 On
477 3856 662 3916 vellum.
705 3864 780 3924 395
806 3863 832 3923 x
857 3858 933 3918 277
958 3864 1076 3924 mm.
1110 3864 1237 3924 Afew
1271 3864 1457 3924 capitals
1482 3864 1778 3924 illuminated.

327 3912 394 3972 the
432 3913 530 3973 rest,
553 3916 628 3976 and
674 3921 741 3981 the
779 3924 1232 3984 paragraph-marks,
1254 3924 1450 3984 supplied
1496 3924 1534 3984 in
1571 3924 1640 3984 red
1685 3924 1760 3984 and

323 3968 446 4028 blue.
499 3976 853 4036 Initial-strokes
892 3984 930 4044 in
968 3984 1153 4044 yellow.
1223 3984 1246 4044 A
1299 3984 1477 4044 painted
1523 3984 1685 4044 border
1715 3984 1769 4044 on

335 4021 378 4081 1e
403 4036 652 4096 containing
695 4040 763 4100 the
797 4040 900 4100 coat
926 4040 978 4100 of
1003 4044 1123 4104 arms
1149 4044 1201 4104 of
1226 4044 1277 4104 an
1321 4044 1612 4104 ecclesiastic,
1637 4044 1723 4104 also
1749 4044 1766 4104 a

333 4091 513 4151 painting
558 4096 603 4156 of
641 4098 709 4158 the
754 4100 875 4160 Pope
913 4104 996 4164 and
1034 4100 1116 4160 two
1155 4104 1418 4164 attendants
1456 4104 1502 4164 at
1539 4104 1607 4164 the
1653 4104 1765 4164 head

328 4144 379 4204 of
405 4150 482 4210 the
525 4154 662 4214 text;
704 4158 755 4218 on
807 4162 884 4222 34°
926 4160 943 4220 a
995 4163 1089 4223 foot
1123 4161 1294 4221 border
1329 4161 1431 4221 with
1474 4161 1679 4221 painting
1730 4164 1781 4224 of

358 4212 586 4272 Hectour'
603 4216 744 4276 riding
789 4220 894 4280 over
921 4224 939 4284 a
982 4224 1193 4284 prostrate
1229 4224 1414 4284 enemy,
1440 4224 1563 4284 while
1598 4224 1616 4284 a
1652 4221 1774 4281 bow¬

331 4266 423 4326 man
454 4276 607 4336 shoots
630 4276 669 4336 at
692 4280 754 4340 his
777 4280 922 4340 horse.
984 4284 1200 4344 Probably
1238 4283 1576 4343 contemporary
1608 4280 1769 4340 French

335 4323 466 4383 work.
528 4340 784 4400 Numerous
810 4344 1153 4404 contemporary
1189 4344 1469 4404 pen-and-ink
1505 4344 1751 4404 drawings.

390 4412 505 4472 King
535 4420 709 4480 George
738 4424 854 4484 IIl's
873 4423 980 4483 copy
1018 4424 1096 4484 (C.
1125 4424 1192 4484 13.
1211 4428 1261 4488 e.
1280 4428 1366 4488 11).

1572 4424 1664 4484 IC.
1682 4428 1790 4488 128.

330 4568 585 4628 Another
608 4576 781 4636 copy.

390 4646 453 4706 On
481 4652 671 4712 vellum.
735 4664 808 4724 398
835 4664 853 4724 x
889 4664 962 4724 283
989 4664 1107 4724 mm.
1171 4668 1371 4728 Capitals
1398 4664 1471 4724 and
1507 4664 1789 4724 paragraph¬

329 4708 473 4768 marks
509 4713 555 4773 in
600 4720 672 4780 red
717 4724 799 4784 and
844 4724 971 4784 blue,
1007 4724 1359 4784 page-headings
1396 4724 1477 4784 and
1531 4728 1775 4788 reference-

1833 551 1982 611 letters
2023 552 2301 612 throughout
2335 548 2417 608 and
2471 548 2587 608 some
2641 548 2804 608 section
2852 544 3069 604 headings
3109 544 3144 604 in
3191 540 3286 600 red.

1834 612 2121 672 Manuscript
2157 612 2330 672 quiring
2372 610 2452 670 and
2502 608 2696 668 foliation
2740 607 2883 667 partly
2926 602 3005 662 cut
3034 604 3185 664 away.
3243 601 3264 661 A

1833 670 1968 730 vellum
2023 672 2131 732 leaf,
2145 672 2397 732 containing
2437 672 2451 732 a
2485 668 2757 728 manuscript
2784 668 2899 728 table
2934 664 2981 724 of
3001 664 3232 724 contents,
3252 660 3279 720 is

1832 733 1977 793 bound
2011 732 2059 792 at
2086 732 2155 792 the
2189 732 2423 792 beginning
2465 728 2513 788 of
2533 728 2602 788 the
2630 728 2774 788 book.

3083 792 3161 852 IC.
3187 796 3291 856 129.

1895 804 2118 864 Grenville
2152 803 2259 863 copy
2292 802 2375 862 (G.
2391 797 2548 857 8688).

3128 932 3289 992 1468.

1838 940 2260 1000 BRUNNER,
2286 943 2546 1003 JoHANN.
2601 936 2995 996 Grammatica.

1892 1020 1944 1080 12.
1973 1024 1996 1084 O
2048 1024 2138 1084 pris
2168 1026 2332 1086 eternis
2369 1024 2467 1084 fons
2496 1024 2691 1084 deriuate
2728 1024 2967 1084 scatebris.
3027 1020 3192 1080 Fontis
3229 1014 3273 1074 ab

1831 1088 2018 1148 internis
2057 1088 2135 1148 nûc
2174 1088 2299 1148 rutila
2345 1084 2564 1144 tenebris.
2635 1081 2931 1141 MAsculina
2962 1080 3126 1140 fluuion
3166 1076 3282 1136 Sunt

1830 1144 2008 1204 spirituu
2052 1144 2159 1204 virou
2194 1144 2252 1204 Et
2281 1144 2409 1204 deoru
2445 1147 2617 1207 nomina
2653 1144 2668 1204 .
2689 1143 2739 1203 ..
2796 1132 2868 1192 17b
2897 1138 3061 1198 (verses
3090 1140 3119 1200 in
3155 1140 3276 1200 place

1826 1205 1876 1265 of
1898 1204 2209 1264 COLOPHON,
2230 1208 2403 1268 printed
2440 1204 2475 1264 in
2512 1204 2563 1264 six
2606 1204 2743 1264 lines)
2757 1200 2771 1260 :

2046 1280 2289 1340 Codiculuz
2319 1280 2349 1340 qu
2380 1283 2449 1343 me
2486 1280 2638 1340 fundis
2675 1280 2775 1340 fons
2805 1276 2850 1336 es
2881 1276 2987 1336 ronu

1840 1288 1955 1348 Quis

2043 1343 2157 1403 Canna
2197 1344 2278 1404 qui
2304 1344 2445 1404 fontis
2479 1344 2579 1404 fons
2612 1340 2726 1400 bone
2766 1336 2893 1396 nosse
2940 1336 3068 1396 velis.

2053 1400 2097 1460 Si
2126 1400 2177 1460 nô
2221 1400 2273 1460 de
2309 1404 2441 1464 cocha
2478 1403 2499 1463 ß
2537 1403 2661 1463 fonte
2697 1400 2720 1460 e
2756 1400 2888 1460 nomê
2925 1396 2947 1456 i
2976 1392 3078 1452 omé

1833 1408 1950 1468 Quid

2045 1460 2111 1520 Me
2152 1464 2279 1524 fontis
2320 1464 2460 1524 macta
2508 1460 2635 1520 tigite
2675 1460 2950 1520 gramaticam.

2046 1522 2155 1582 Atque
2185 1524 2367 1584 maturio
2411 1523 2499 1583 tibi
2528 1520 2710 1580 dedicor
2746 1520 2892 1580 inclite
2936 1516 3089 1576 magni

1838 1523 1924 1583 Cui

2041 1580 2135 1640 Nuc
2175 1583 2437 1643 logothecay
2483 1580 2570 1640 pris
2604 1580 2624 1640 i
2650 1578 2744 1638 arce
2784 1575 2938 1635 comes

2047 1638 2113 1698 Me
2152 1640 2231 1700 fiei
2270 1640 2409 1700 cogût
2442 1640 2640 1700 redeutia
2685 1640 2811 1700 famia
2857 1637 3008 1697 ioseph

1836 1643 1926 1703 Cur

2045 1704 2184 1764 Côche
2225 1703 2316 1763 fors
2351 1704 2447 1764 leua
2483 1700 2642 1760 seuaqe
2670 1700 2753 1760 fata
2795 1696 2947 1756 simul.

2046 1760 2105 1820 At
2143 1756 2374 1816 mogûtina
2411 1760 2456 1820 su
2501 1760 2620 1820 fusus
2657 1756 2680 1816 i
2709 1756 2806 1816 vrbe
2843 1758 3022 1818 libellus

1840 1756 1930 1816 Vbi

2048 1822 2139 1882 Meq
2190 1824 2351 1884 domus
2391 1819 2552 1879 genuit
2584 1820 2649 1880 vnn
2681 1819 2882 1879 caragma
2927 1816 3069 1876 venit.

1850 1884 1993 1944 Quado
2043 1879 2237 1939 Terseno
2273 1882 2294 1942 ß
2337 1881 2373 1941 in
2417 1883 2495 1943 ano
2539 1880 2718 1940 terdeni
2746 1880 2918 1940 iubilei.

2057 1944 2186 2004 Mudi
2215 1942 2324 2002 post
2352 1944 2525 2004 colume
2568 1940 2648 2000 qui
2669 1940 2683 2000 e
2720 1940 2893 2000 bndcus
2929 1936 3072 1996 Amë.

1898 2017 1983 2077 18:
2014 2020 2178 2080 blank.
2241 2016 2334 2076 192.
2358 2016 2709 2076 [SJVperiorib»
2740 2016 2825 2076 nup
2873 2016 2998 2076 dieb»
3036 2012 3285 2072 penitiora

1837 2076 1979 2136 queda
2022 2080 2266 2140 gramatice
2309 2079 2380 2139 ru¬
2416 2077 2581 2137 dimêta
2624 2077 2739 2137 certo
2781 2076 2803 2136 p
2845 2076 2996 2136 ordine
3046 2072 3125 2132 nuz
3168 2069 3282 2129 mero

1835 2139 2001 2199 podere
2024 2140 2072 2200 et
2096 2138 2294 2198 mensura
2333 2140 2919 2200 inningti
2942 2135 3068 2195 laboé
3101 2132 3282 2192 conats

1835 2200 1874 2260 sü
1906 2202 1986 2262 ...
2033 2196 2135 2256 45°.
2160 2200 2191 2260 1.
2207 2200 2231 2260 9
2254 2200 2270 2260 :
2294 2200 2381 2260 ...
2405 2200 2626 2260 genitiuon
2675 2199 2706 2259 in
2753 2196 3031 2256 penultima.
3125 2192 3293 2252 Omni¬

1838 2256 1986 2316 poteti
2009 2260 2142 2320 queqe
2165 2258 2330 2318 scienti
2353 2256 2478 2316 cucta
2517 2260 2673 2320 fauënti.
2743 2258 2837 2318 Nro
2876 2256 3001 2316 sûmo
3040 2256 3110 2316 pio
3149 2252 3282 2312 gloria

1834 2320 2039 2380 picipio.
2054 2320 2213 2380 amen.
2266 2320 2319 2380 46
2350 2320 2508 2380 blank.

1883 2388 2046 2448 Quarto.
2092 2388 2151 2448 [a"
2184 2381 2223 2441 b?
2242 2384 2255 2444 A
2295 2384 2341 2444 B?
2367 2384 2458 2444 C'2.J
2505 2392 2550 2452 46
2576 2392 2727 2452 leaves.
2773 2384 3002 2444 Type-page
3028 2384 3107 2444 very
3133 2380 3283 2440 varying

1829 2440 1858 2500 in
1887 2439 1974 2499 part
1986 2436 2015 2496 i.
2062 2433 2096 2493 1a
2114 2432 2125 2492 :
2154 2436 2195 2496 40
2219 2440 2312 2500 lines
2335 2436 2376 2496 of
2394 2438 2486 2498 text,
2504 2440 2568 2500 240
2591 2440 2690 2500 mm.
2702 2436 2713 2496 ;
2743 2438 2824 2498 with
2854 2435 2952 2495 side-
2976 2432 3045 2492 and
3074 2432 3301 2492 foot-notes,

1830 2484 1926 2544 263x
1957 2485 2018 2545 202
2036 2488 2134 2548 mm.
2176 2480 2243 2540 1°:
2273 2488 2317 2548 44
2341 2488 2432 2548 lines
2456 2485 2499 2545 of
2511 2488 2608 2548 text,
2627 2488 2688 2548 262
2718 2488 2810 2548 mm.
2828 2486 2840 2546 ;
2870 2484 2949 2544 with
2980 2480 3077 2540 side-
3101 2480 3168 2540 and
3199 2479 3290 2539 foot-

1837 2532 1968 2592 notes,
1991 2535 2057 2595 285
2074 2532 2092 2592 x
2116 2532 2181 2592 195
2211 2532 2312 2592 mm.
2371 2536 2407 2596 In
2442 2536 2525 2596 part
2555 2536 2603 2596 ii:
2632 2533 2698 2593 192
2716 2534 2733 2594 :
2769 2536 2811 2596 52
2846 2536 2959 2596 lines,
2982 2532 3083 2592 239X
3108 2528 3172 2588 152
3202 2529 3303 2589 mm.

1840 2581 1941 2641 One-
1982 2580 2012 2640 to
2054 2580 2202 2640 six-line
2237 2580 2374 2640 spaces
2404 2582 2474 2642 left
2504 2584 2558 2644 for
2587 2584 2771 2644 capitals.
2836 2580 2997 2640 Types:
3032 2578 3121 2638 118,
3151 2576 3228 2636 text
3258 2576 3299 2636 of

1838 2635 1921 2695 part
1944 2632 1986 2692 i;
2022 2632 2087 2692 91,
2111 2631 2241 2691 notes,
2265 2629 2347 2689 with
2389 2632 2454 2692 234
2496 2636 2555 2696 for
2585 2636 2863 2696 grammatical
2893 2628 3160 2688 terminations
3178 2624 3196 2684 ;
3237 2625 3296 2685 92,

1839 2680 1911 2740 text
1937 2680 1977 2740 of
2003 2676 2087 2736 part
2108 2682 2153 2742 ii.
2199 2680 2291 2740 Part
2311 2682 2324 2742 i
2343 2684 2409 2744 has
2435 2684 2481 2744 six
2508 2684 2697 2744 pinholes,
2717 2684 2803 2744 part
2822 2682 2855 2742 ii
2874 2678 2940 2738 two
2966 2680 3071 2740 only,
3084 2680 3156 2740 and
3183 2676 3287 2736 these

1835 2732 1866 2792 in
1896 2732 1969 2792 mid
1993 2732 2163 2792 margin.

1882 2793 1925 2853 It
1946 2794 1982 2854 is
2011 2796 2075 2856 not
2104 2796 2141 2856 at
2169 2796 2219 2856 all
2240 2796 2341 2856 clear
2370 2796 2456 2856 that
2478 2798 2536 2858 the
2571 2797 2635 2857 two
2672 2798 2772 2858 parts
2801 2796 2837 2856 of
2858 2795 2931 2855 this
2959 2788 3053 2848 work
3081 2792 3211 2852 should
3246 2786 3289 2846 be

1838 2844 1977 2904 treated
2013 2840 2050 2900 as
2080 2844 2238 2904 forming
2274 2844 2293 2904 a
2323 2844 2438 2904 single
2475 2848 2566 2908 book
2602 2848 2729 2908 rather
2760 2844 2845 2904 than
2882 2840 3118 2900 separately.
3166 2840 3258 2900 Part
3282 2836 3301 2896 i

1829 2892 1919 2952 ends
1955 2889 2038 2949 with
2074 2892 2092 2952 a
2128 2892 2235 2952 verse
2271 2892 2450 2952 colophon
2492 2896 2559 2956 and
2594 2896 2708 2956 blank
2749 2893 2839 2953 leaf,
2863 2892 2935 2952 and
2970 2888 3001 2948 is
3030 2888 3078 2948 on
3114 2888 3293 2948 different

1838 2941 1958 3001 paper
1983 2940 2058 3000 from
2116 2943 2203 3003 part
2222 2942 2267 3002 ii,
2292 2940 2348 3000 the
2381 2944 2538 3004 opening
2576 2943 2696 3003 words
2727 2944 2772 3004 of
2797 2943 2935 3003 which,
2954 2936 3168 2996 moreover,
3188 2936 3269 2996 seem

1828 2988 1862 3048 to
1896 2992 2021 3052 allude
2056 2985 2090 3045 to
2124 2987 2158 3047 it
2186 2988 2226 3048 as
2260 2988 2277 3048 a
2306 2992 2482 3052 separate
2522 2992 2641 3052 work.
2692 2990 2772 3050 The
2806 2991 2925 3051 paper
2965 2988 2993 3048 in
3039 2986 3124 3046 part
3153 2984 3170 3044 i
3198 2984 3283 3044 may

1836 3036 2096 3096 intentionally
2129 3036 2216 3096 have
2243 3040 2330 3100 been
2362 3040 2465 3100 made
2492 3040 2639 3100 thicker
2661 3040 2748 3100 than
2780 3040 2840 3100 the
2873 3037 2948 3097 rest
2976 3036 3139 3096 because
3166 3032 3193 3092 it
3220 3032 3291 3092 was

1829 3086 1930 3146 more
1966 3088 2074 3148 likely
2115 3084 2145 3144 to
2187 3087 2223 3147 be
2258 3088 2467 3148 thumbed,
2497 3092 2569 3152 and
2604 3091 2664 3151 the
2700 3088 2825 3148 words
2861 3084 3141 3144 'superioribus
3177 3080 3297 3140 nuper

1832 3133 1997 3193 diebus'
2026 3132 2105 3192 with
2146 3136 2259 3196 which
2293 3136 2384 3196 part
2407 3139 2435 3199 ii
2458 3137 2577 3197 opens
2611 3140 2691 3200 may
2725 3139 2890 3199 possibly
2924 3136 3021 3196 refer
3050 3136 3129 3196 only
3164 3132 3198 3192 to
3226 3132 3288 3192 the

1838 3184 2054 3244 circulation
2091 3184 2128 3244 of
2153 3186 2226 3246 this
2263 3188 2350 3248 part
2375 3188 2405 3248 in
2443 3188 2702 3248 manuscript.
2752 3184 2807 3244 On
2844 3184 2906 3244 the
2943 3184 3054 3244 other
3091 3182 3184 3242 hand
3227 3177 3288 3237 the

1843 3232 1877 3292 92
1906 3233 1991 3293 type
2019 3236 2047 3296 in
2082 3236 2196 3296 which
2224 3236 2309 3296 part
2338 3236 2366 3296 ii
2388 3235 2417 3295 is
2446 3236 2593 3296 printed
2628 3236 2718 3296 does
2753 3236 2820 3296 not
2843 3236 2986 3296 appear
3014 3232 3122 3292 again
3156 3232 3184 3292 in
3224 3232 3292 3292 any

1847 3284 1936 3344 book
1965 3284 1995 3344 in
2025 3284 2078 3344 the
2107 3284 2261 3344 Museum
2309 3284 2504 3344 collection
2533 3288 2587 3348 till
2605 3284 2664 3344 the
2693 3284 2972 3344 Constitutions
2996 3280 3037 3340 of
3054 3280 3226 3340 Clement
3250 3280 3297 3340 V,

1845 3335 1995 3395 finished
2034 3332 2071 3392 13
2096 3332 2254 3392 August,
2273 3336 2380 3396 1471,
2392 3336 2455 3396 and
2486 3336 2543 3396 the
2568 3334 2631 3394 use
2657 3334 2695 3394 of
2713 3336 2776 3396 two
2801 3332 2971 3392 pinholes
2997 3331 3022 3391 in
3047 3328 3122 3388 mid
3148 3325 3286 3385 margin

1845 3383 1968 3443 points
1993 3380 2024 3440 to
2049 3380 2061 3440 a
2092 3382 2173 3442 date
2203 3380 2352 3440 slightly
2383 3382 2476 3442 later
2495 3384 2587 3444 still.
2637 3384 2717 3444 The
2748 3384 2829 3444 type
2853 3384 2878 3444 in
2915 3380 2996 3440 part
3014 3380 3033 3440 i
3045 3379 3076 3439 is
3101 3376 3292 3436 unusually

1838 3428 1986 3488 heavily
2022 3431 2194 3491 printed,
2212 3432 2271 3492 and
2307 3432 2366 3492 the
2402 3428 2520 3488 paper
2544 3432 2633 3492 does
2657 3432 2722 3492 not
2746 3432 2888 3492 appear
2912 3428 2947 3488 to
2971 3427 3066 3487 have
3096 3425 3232 3485 shrunk
3262 3421 3303 3481 at

1837 3479 1895 3539 all
1912 3478 2011 3538 after
2034 3480 2144 3540 being
2179 3476 2336 3536 wetted.
2388 3480 2463 3540 The
2499 3480 2789 3540 measurement
2812 3480 2847 3540 of
2870 3480 2911 3540 20
2940 3480 3038 3540 lines
3062 3476 3096 3536 of
3119 3476 3201 3536 type
3230 3472 3293 3532 118

1843 3528 1872 3588 is
1894 3532 1975 3592 thus
2003 3532 2015 3592 2
2044 3532 2141 3592 mm.
2152 3532 2255 3592 more
2278 3532 2364 3592 than
2392 3532 2518 3592 usual.

1911 3605 1983 3665 335
2007 3602 2032 3662 X
2056 3604 2136 3664 235
2185 3604 2298 3664 mm.
2354 3604 2580 3664 Capitals,
2604 3604 2878 3664 head-lines,
2910 3600 3305 3660 note-references,

1848 3661 1923 3721 and
1968 3664 2406 3724 paragraph-marks
2444 3664 2648 3724 supplied
2693 3664 2747 3724 by
2784 3663 2898 3723 hand
2935 3659 2973 3719 in
3010 3652 3116 3712 red.
3170 3656 3283 3716 With

1841 3720 1911 3780 the
1939 3720 2108 3780 initials
2136 3723 2178 3783 of
2200 3721 2249 3781 an
2291 3724 2404 3784 early
2439 3728 2608 3788 owner,
2629 3724 2692 3784 A.
2713 3724 2770 3784 T.
2791 3722 2868 3782 N.,
2889 3717 2931 3777 on
2974 3716 3114 3776 leaves
3150 3715 3192 3775 1,
3228 3716 3298 3776 17,

2190 3781 2305 3841 With
2343 3784 2405 3844 the
2444 3784 2567 3844 label
2620 3784 2682 3844 Ex
2728 3784 2890 3844 musæo
2928 3780 3059 3840 Pauli
3082 3776 3290 3836 Girardot

1847 3780 1919 3840 19,
1941 3784 2021 3844 and
2057 3784 2137 3844 45.

1845 3840 1890 3900 de
1928 3841 2167 3901 Prefond'.

3089 3918 3182 3978 IB.
3199 3916 3301 3976 132.

1904 3927 2015 3987 King
2059 3927 2231 3987 George
2265 3928 2376 3988 III's
2403 3927 2506 3987 copy
2540 3930 2617 3990 (C.
2634 3928 2712 3988 15.
2729 3928 2772 3988 c.
2798 3928 2883 3988 12).

1853 4078 2171 4138 THOMAS
2233 4080 2634 4140 AQUINAS.
2705 4073 2880 4133 Super
2921 4074 3106 4134 quarto
3148 4072 3281 4132 libro

2829 4132 2902 4192 *13
2953 4152 3120 4212 June,
3140 4152 3308 4212 1469.

1915 4160 2346 4220 sententiarum.

1912 4244 1964 4304 1°.
2001 4248 2180 4308 MIsit
2202 4248 2328 4308 verbu
2366 4252 2440 4312 suu
2507 4252 2552 4312 et
2574 4248 2746 4308 sanauit
2775 4244 2850 4304 eos
2916 4240 2962 4300 et
2991 4240 3154 4300 eripuit
3177 4244 3251 4304 eos

1842 4308 1896 4368 de
1935 4312 2224 4372 intericonibz
2302 4312 2380 4372 eon
2418 4310 2489 4370 ic.
2543 4307 2668 4367 274°.
2692 4304 2957 4364 COLOPHON
3011 4303 3129 4363 (red)
3144 4300 3160 4360 :
3192 4300 3292 4360 Pre¬

1841 4368 1960 4428 claru
2017 4371 2094 4431 hoc
2144 4370 2257 4430 opus
2299 4368 2609 4428 quartiscripti
2652 4365 2715 4425 sci
2757 4361 2962 4421 tho¬me
3011 4361 3061 4421 de
3117 4360 3308 4420 aquino.

1845 4428 1978 4488 Alma
2023 4428 2053 4488 in
2097 4428 2201 4488 vrbe
2238 4429 2490 4489 moguntina.
2519 4426 2587 4486 in¬
2609 4424 2720 4484 clite
2757 4424 2905 4484 naconis
2943 4423 3187 4483 germaice.
3209 4419 3290 4479 qua

1848 4488 1919 4548 dei
1955 4488 2163 4548 clemêtia
2214 4488 2250 4548 tä
2364 4488 2444 4548 alti
2479 4484 2659 4544 ingenij
2695 4484 2838 4544 luine.
2874 4484 3046 4544 donoqe
3082 4483 3306 4543 gratuito.

1847 4548 2003 4608 ceteris
2077 4548 2218 4608 terray
2271 4548 2449 4608 nacoibo
2493 4547 2665 4607 pterre,
2709 4540 2954 4600 illustraéqe
2991 4540 3147 4600 digna¬

1848 4608 2103 4668 Artificiosa
2132 4608 2285 4668 quadam
2307 4608 2576 4668 adinuencone
2605 4604 2751 4664 impri¬
2788 4604 2948 4664 mendi
2970 4600 3035 4660 seu
3064 4599 3297 4659 caracteri¬

1842 4668 1983 4728 zandi
2005 4668 2139 4728 absqe
2161 4668 2243 4728 vlla
2280 4668 2443 4728 calami
2518 4668 2778 4728 exaracône
2823 4664 2882 4724 sic
2912 4664 3134 4724 effigiatû,
3164 4660 3209 4720 et
3239 4654 3290 4714 ad

1847 4728 2022 4788 eusebia
2066 4728 2139 4788 dei
2161 4728 2220 4788 in-
2249 4728 2417 4788 dustrie
2453 4728 2520 4788 est
2556 4728 2812 4788 cosumatu.
2841 4725 2855 4785 p
2899 4724 3016 4784 petrû
3060 4720 3301 4780 schoiffher
