4070 5700
297 640 471 700 capitals.
524 634 623 694 Hain
653 631 789 691 16876.

348 702 437 762 This
455 704 615 764 appears
645 700 680 760 to
710 700 805 760 have
840 696 923 756 been
959 698 1101 758 printed
1143 695 1262 755 about
1286 695 1344 755 the
1375 695 1470 755 same
1505 696 1588 756 time
1618 696 1653 756 as
1683 698 1742 758 the

356 836 433 896 281
462 833 475 893 X
511 828 588 888 205
623 831 735 891 mm.

1530 903 1623 963 IB.
1644 908 1727 968 285

356 914 541 974 Bought
565 914 599 974 in
633 912 817 972 March,
842 915 977 975 1855.

1091 1048 1381 1108 Undated.
1436 1050 1521 1110 [c.
1549 1048 1717 1108 1490?

312 1048 797 1108 HERBARIUS.

357 1139 417 1199 22.
443 1136 686 1196 RlOgatu
729 1135 954 1195 plurimou
988 1134 1118 1194 inopû
1152 1132 1317 1192 nümoy

302 1200 412 1260 tecas
448 1199 648 1259 refutantiu
696 1193 766 1253 oc¬
807 1192 981 1252 casione
1015 1192 1112 1252 illa.
1140 1192 1160 1252 q
1216 1192 1458 1252 necessaria
1493 1192 1611 1252 ibide
1645 1192 1693 1252 ad

293 1260 420 1320 corp?
458 1252 555 1312 egrü
600 1254 817 1314 spectâtia
854 1253 929 1313 sût
967 1252 1064 1312 cara
1101 1253 1161 1313 sim
1229 1252 1356 1312 plicia
1401 1252 1445 1312 et
1476 1252 1752 1312 composita.

283 1320 452 1380 nümisq
508 1319 629 1379 pluri
662 1316 750 1376 mis
790 1312 983 1372 oparäda
1032 1312 1048 1372 .
1080 1315 1096 1375 .
1128 1313 1153 1373 .
1185 1312 1257 1372 22.
1289 1312 1498 1372 Capitula
1555 1312 1740 1372 herbarû

307 1380 394 1440 scôm
505 1376 696 1436 ordinem
759 1374 1014 1434 alphabeti.
1077 1368 1204 1428 155°.
1227 1372 1442 1432 Particula
1490 1368 1585 1428 scôa
1641 1368 1688 1428 de

307 1439 545 1499 simplicib»
575 1436 791 1496 laxatiuis
860 1429 1045 1489 linitiuis
1083 1432 1153 1492 seu
1191 1432 1353 1492 lubrica
1399 1432 1499 1492 tiuis
1522 1428 1746 1488 supiorib.

300 1501 393 1561 anti
427 1493 537 1553 dotis
562 1496 909 1556 deseruientib».
961 1492 1131 1552 174°.l.
1147 1492 1215 1552 22,
1241 1492 1333 1552 END
1368 1492 1495 1552 :...
1512 1491 1647 1551 Valet
1665 1487 1740 1547 etia

306 1556 349 1616 ut
377 1559 471 1619 inde
500 1556 607 1616 fiant
672 1552 980 1612 suppositoria
1009 1552 1138 1612 desup
1175 1552 1433 1612 spergantur
1462 1548 1663 1608 pulueres
1699 1548 1741 1608 de

305 1618 415 1678 esula
491 1616 539 1676 et
567 1616 801 1676 puocabût
821 1615 1159 1675 asellationem.

353 1691 514 1751 Quarto.
555 1686 611 1746 Jat
635 1683 732 1743 b-x8
756 1680 830 1740 yl.
895 1685 967 1745 174
1000 1688 1145 1748 leaves,
1169 1688 1185 1748 I
1218 1688 1283 1748 and
1324 1688 1388 1748 155
1420 1688 1558 1748 blank.
1606 1676 1679 1736 22:
1711 1680 1751 1740 32

310 1744 413 1804 lines,
435 1742 488 1802 146
510 1740 525 1800 x
547 1740 591 1800 89
613 1740 710 1800 mm.
740 1736 866 1796 Types
881 1738 895 1798 :
925 1736 1037 1796 1492,
1051 1736 1237 1796 headings
1259 1735 1297 1795 of
1319 1736 1378 1796 pt.
1393 1736 1407 1796 1
1422 1736 1438 1796 ;
1467 1736 1549 1796 118,
1563 1732 1749 1792 headings

312 1792 339 1852 to
366 1792 441 1852 pts.
455 1785 523 1845 2-7
543 1784 557 1844 ;
591 1791 653 1851 92,
680 1788 775 1848 text.
837 1788 905 1848 150
939 1787 1151 1847 woodcuts.
1211 1784 1341 1844 Two-,
1362 1786 1478 1846 four-,
1505 1784 1573 1844 and
1607 1784 1750 1844 six-line

308 1842 434 1902 spaces
455 1840 518 1900 left
539 1840 594 1900 for
616 1840 797 1900 capitals.
846 1836 944 1896 Hain
972 1840 1098 1900 8443?

369 1924 441 1984 208
470 1924 485 1984 X
515 1924 587 1984 145
623 1920 733 1980 mm.
791 1920 1047 1980 Numerous
1083 1920 1193 1980 early
1229 1918 1507 1978 manuscript
1528 1916 1682 1976 notes,
1696 1915 1740 1975 an

306 1983 450 2043 earlier
479 1984 624 2044 owner
653 1980 761 2040 (who
797 1976 921 2036 notes
950 1979 1000 2039 on
1037 1977 1080 2037 22
1130 1976 1304 2036 precium
1355 1972 1499 2032 xx*')
1514 1976 1681 2036 writing
1716 1974 1745 2034 in

319 2044 466 2104 Latin,
482 2044 548 2104 and
589 2044 605 2104 a
637 2039 744 2099 later
768 2040 850 2100 one
883 2040 916 2100 in
949 2036 1162 2096 English.
1219 2040 1309 2100 The
1341 2036 1513 2096 fly-leaf
1530 2036 1653 2096 bears
1685 2032 1750 2092 the

308 2104 556 2164 inscription
581 2102 598 2162 :
641 2100 940 2160 Aggregator
966 2100 1162 2160 practic?
1188 2096 1240 2156 de
1265 2100 1538 2160 simplicijs'
1555 2096 1641 2156 and
1675 2095 1743 2155 the

311 2163 433 2223 name
479 2164 679 2224 Jacobus
709 2160 755 2220 de
786 2160 955 2220 dondis
978 2159 1001 2219 .
1062 2159 1277 2219 Stamped
1338 2156 1499 2216 British
1545 2152 1729 2212 Museum

312 2222 393 2282 sale
424 2224 640 2284 duplicate
677 2213 841 2273 1787.

377 2310 439 2370 Sir
463 2316 620 2376 Joseph
659 2316 831 2376 Banks'
847 2316 988 2376 copy.

1541 2311 1633 2371 IA.
1651 2312 1770 2372 288.

317 2456 562 2516 Another
593 2452 755 2512 copy.

372 2539 456 2599 The
489 2544 676 2604 sections
701 2544 751 2604 on
794 2544 979 2604 Custuta
1021 2544 1097 2604 and
1131 2544 1342 2604 Canapus
1367 2540 1519 2600 (xlviii
1536 2539 1621 2599 and
1654 2535 1746 2595 xlii

315 2608 414 2668 have
460 2608 560 2668 been
606 2604 867 2664 transposed
920 2608 997 2668 and
1043 2604 1112 2664 the
1158 2603 1419 2663 numbering
1472 2600 1618 2660 erased
1664 2596 1740 2656 and

324 3696 660 3756 BALBUS,
692 3700 974 3760 JOANNES.

1180 3692 1534 3752 Catholicon.
1602 3692 1770 3752 1460.

386 3782 421 3842 12
447 3784 562 3844 (red)
570 3789 589 3849 :
615 3791 844 3851 [IJNcipit
871 3794 1056 3854 Summa
1083 3792 1162 3852 que
1197 3788 1321 3848 uocat
1357 3788 1630 3848 catholicon.
1647 3784 1762 3844 edita

317 3851 338 3911 a
380 3848 430 3908 fra
472 3852 528 3912 tre
571 3852 761 3912 johanne
803 3852 853 3912 de
888 3852 1043 3912 janua.
1071 3852 1241 3912 ordinis
1276 3848 1382 3908 fratu
1424 3848 1707 3908 predicatou.

325 3908 456 3968 (black
479 3908 509 3968 :)
540 3910 786 3970 [Prosodia
817 3912 970 3972 quedam
985 3912 1031 3972 ps
1093 3908 1339 3968 gramantice
1370 3907 1569 3967 nuncupa
1607 3906 1770 3966 tur...

339 3966 442 4026 3722.
464 3970 547 4030 col.
576 3968 613 4028 2,
636 3971 666 4031 l.
688 3971 762 4031 49,
792 3970 1051 4030 COLOPHON
1089 3968 1104 4028 :
1141 3968 1372 4028 Altissimi
1401 3968 1594 4028 presidio
1639 3964 1757 4024 cuius

318 4024 414 4084 nutu
459 4028 675 4088 infantium
741 4029 882 4089 lingue
927 4030 964 4090 fi
979 4031 1069 4091 unt
1105 4025 1292 4085 diserte.
1351 4024 1448 4084 Qui
1477 4024 1530 4084 qe
1567 4024 1761 4084 nuosepe

319 4088 459 4148 puulis
506 4088 678 4148 reuelat
725 4089 843 4149 quod
967 4088 1249 4148 sapientibus
1296 4084 1436 4144 celat.
1515 4084 1600 4144 Hic
1648 4084 1764 4144 liber

322 4142 544 4202 egregius.
558 4152 836 4212 catholicon.
884 4150 1016 4210 dnice
1051 4148 1364 4208 incarnacionis
1391 4144 1509 4204 annis
1537 4144 1551 4204 M
1600 4144 1697 4204 eccc
1718 4144 1752 4204 lx

323 4200 447 4260 Alma
496 4207 524 4267 in
572 4208 620 4268 ur
655 4208 704 4268 be
752 4208 1008 4268 maguntina
1057 4208 1258 4268 nacionis
1299 4204 1445 4264 inclite
1486 4204 1763 4264 germanice.

326 4259 445 4319 Quam
537 4264 614 4324 dei
643 4268 875 4328 clemencia
924 4268 988 4328 tam
1044 4265 1129 4325 alto
1171 4264 1340 4324 ingenij
1361 4264 1551 4324 lumine.
1586 4263 1693 4323 dono
1728 4257 1770 4317 que

317 4324 510 4384 gtuito.
547 4325 712 4385 ceteris
749 4328 890 4388 terrax
942 4328 1209 4388 nacionibus
1255 4321 1470 4381 preferre.
1508 4324 1730 4384 illustrare

317 4384 338 4444 q
387 4383 593 4443 dignatus
629 4384 692 4444 est
728 4388 826 4448 Non
869 4388 1054 4448 calami.
1075 4386 1189 4446 stili.
1217 4384 1295 4444 aut
1330 4383 1465 4443 penne
1508 4380 1635 4440 suffra
1685 4381 1778 4441 gio.

314 4444 337 4504 ß
382 4440 483 4500 mira
536 4444 744 4504 patronay
797 4448 966 4508 formay
1012 4444 1067 4504 qe
1097 4444 1336 4504 concordia
1389 4442 1504 4502 ppor
1535 4440 1666 4500 cione
1719 4433 1765 4493 et

320 4502 526 4562 modulo,
598 4504 834 4564 impressus
884 4506 987 4566 atque
1023 4504 1251 4564 confectus
1310 4504 1398 4564 est.
1508 4500 1632 4560 Hinc
1691 4496 1771 4556 tibi

323 4560 465 4620 sancte
493 4563 614 4623 pater
636 4568 737 4628 nato
771 4568 812 4628 cu
853 4568 1023 4628 flamine
1056 4564 1206 4624 sacro.
1260 4564 1376 4624 Laus
1451 4560 1499 4620 et
1519 4560 1655 4620 honor
1675 4560 1756 4620 dnno

322 4615 433 4675 trino
488 4622 717 4682 tribuatur
773 4620 821 4680 et
876 4624 960 4684 uno
1022 4627 1223 4687 Ecclesie
1278 4624 1340 4684 lau
1389 4623 1437 4683 de
1514 4620 1617 4680 libro
1680 4620 1763 4680 hoc

327 4680 531 4740 catholice
564 4688 743 4748 plaude.
800 4688 898 4748 Qui
914 4688 1094 4748 laudare
1126 4688 1217 4748 piam
1298 4684 1478 4744 semper
1502 4684 1584 4744 non
1617 4680 1755 4740 linque

1804 536 1966 596 altered
2022 536 2057 596 in
2106 536 2177 596 ink
2233 535 2275 595 to
2325 532 2621 592 correspond.
2677 530 2937 590 Numerous
2980 528 3261 588 manuscript

1807 599 1962 659 notes.
2026 595 2089 655 At
2117 596 2209 656 lviii
2230 596 2266 656 is
2294 596 2308 656 a
2343 594 2548 654 charcoal
2569 592 2760 652 drawing
2795 592 2845 652 of
2866 590 2880 650 a
2908 588 3071 648 human
3106 584 3269 644 figure.

1810 656 1899 716 The
1928 652 2107 712 fly-leaf
2130 656 2159 716 is
2189 656 2397 716 inscribed
2427 652 2441 712 :
2501 652 2657 712 Lond.
2680 648 2783 708 1684
2820 648 2858 708 a.
2880 647 2924 707 o,
2984 648 3258 708 Herbarius,

3045 707 3137 767 IA.
3155 708 3263 768 289.

1835 720 2037 780 Jacobus
2062 716 2113 776 de
2146 716 2355 776 Dondis.'

1814 872 2207 932 BASILIUS.
2281 871 2593 931 Opusculum
2656 866 2711 926 ad
2757 868 3013 928 Juvenes.

2530 948 2816 1008 Undated.
2882 946 2958 1006 (c.
2987 947 3253 1007 1490-95.

1879 1047 1935 1107 12.
1967 1052 2120 1112 TITLE
2144 1050 2160 1110 :
2184 1048 2409 1108 Opusculu
2441 1048 2594 1108 magni
2666 1044 2819 1104 Basilij
2835 1040 2884 1100 ad
2916 1040 3117 1100 iuuenes.
3173 1035 3269 1095 182.

1820 1112 1844 1172 1.
1876 1112 1949 1172 14,
1973 1112 2239 1172 COLOPHON
2280 1105 2296 1165 :
2336 1104 2538 1164 Magnus
2570 1104 2764 1164 Basilius
2796 1104 2845 1164 de
2885 1103 3063 1163 poetarû
3111 1100 3256 1160 oratou

1809 1172 2102 1232 historicoruq
2158 1172 2206 1232 ac
2292 1168 2593 1228 philosophox
2642 1161 2847 1221 legendis
2888 1160 3007 1220 libris
3054 1156 3260 1216 Mogücie

1802 1229 2050 1289 impressus
2066 1231 2082 1291 :
2129 1229 2178 1289 et
2210 1229 2233 1289 p
2337 1228 2530 1288 Martinu
2577 1224 2896 1284 Brenningariu
2945 1217 3041 1277 (quo
3088 1218 3264 1278 facilius

1811 1292 2119 1352 intelligatur)
2157 1291 2226 1351 ru-
2264 1288 2395 1348 bricis
2442 1288 2633 1348 titulisque
2672 1284 3010 1344 interstinctus:
3056 1280 3264 1340 Feliciter

1810 1352 1935 1412 finit.

1867 1446 2033 1506 Quarto.
2101 1441 2154 1501 Jas
2192 1436 2267 1496 b'.
2343 1440 2388 1500 18
2427 1440 2578 1500 leaves.
2639 1435 2706 1495 2b:
2752 1434 2790 1494 17
2827 1433 2949 1493 lines,
2979 1432 3145 1492 150X97
3184 1430 3275 1490 mm.

1818 1492 1972 1552 Types:
2008 1492 2099 1552 286,
2127 1490 2198 1550 title
2226 1488 2240 1548 ;
2261 1490 2324 1550 91,
2352 1488 2479 1548 leaded
2521 1488 2557 1548 to
2599 1484 2690 1544 180,
2711 1486 2810 1546 text.
2866 1483 2972 1543 One-
3000 1480 3028 1540 to
3070 1480 3260 1540 three-line

1810 1544 1951 1604 spaces
1967 1544 2038 1604 left
2053 1544 2109 1604 for
2132 1540 2314 1600 capitals.
2360 1540 2463 1600 Hain
2494 1540 2604 1600 2690.

1882 1636 1955 1696 206
1984 1637 1998 1697 x
2035 1637 2101 1697 146
2137 1636 2253 1696 mm.
2312 1632 2684 1692 Initial-strokes,
2706 1628 3157 1688 paragraph-marks,
3179 1624 3259 1684 and

1819 1700 2078 1760 underlines
2102 1696 2297 1756 supplied
2336 1696 2369 1756 in
2401 1696 2466 1756 red
2507 1696 2547 1756 as
2580 1692 2636 1752 far
2669 1689 2709 1749 as
2742 1678 2799 1738 7e.

3052 1788 3150 1848 IA.
3166 1787 3280 1847 292.

1882 1800 2069 1860 Bought
2091 1799 2123 1859 in
2162 1796 2458 1856 September,
2481 1793 2620 1853 1871.

2657 1940 2940 2000 Undated.
2998 1937 3076 1997 [c.
3095 1940 3280 2000 1495.1

1824 1948 2535 2008 GRAMMATELLUS.

1885 2040 1943 2100 12.
1976 2046 2127 2106 TITLE
2152 2042 2169 2102 :
2220 2040 2579 2100 Grammatellus
2620 2038 2696 2098 pro
2803 2036 2963 2096 iuuenu
3020 2032 3271 2092 eruditione

1821 2103 1866 2163 cu
1940 2108 2074 2168 glosa
2103 2104 2349 2164 almanica.

1876 2199 2040 2259 Quarto.
2080 2198 2121 2258 a8
2145 2194 2186 2254 bé
2211 2194 2268 2254 c'.
2317 2196 2349 2256 18
2382 2192 2529 2252 leaves,
2546 2192 2604 2252 the
2636 2192 2709 2252 last
2734 2192 2873 2252 blank.
2922 2184 2963 2244 32
2971 2184 2988 2244 :
3012 2184 3053 2244 26
3077 2184 3176 2244 lines
3208 2181 3281 2241 (in¬

1825 2248 1973 2308 cluding
2001 2248 2107 2308 gloss
2136 2246 2220 2306 over
2249 2244 2333 2304 each
2369 2244 2439 2304 line
2468 2244 2510 2304 of
2531 2241 2651 2301 text),
2673 2238 2736 2298 156
2757 2236 2772 2296 x
2793 2236 2835 2296 99
2863 2236 2962 2296 mm.
3012 2235 3174 2295 Types:
3196 2236 3287 2296 234,

1820 2297 1895 2357 title
1918 2298 1925 2358 ;
1955 2296 2062 2356 1492,
2084 2296 2159 2356 text
2174 2296 2243 2356 and
2281 2292 2440 2352 heading
2470 2292 2522 2352 (on
2552 2290 2612 2350 22)
2628 2290 2643 2350 ;
2659 2295 2719 2355 91,
2734 2288 2854 2348 gloss.
2878 2284 3066 2344 Four-line
3097 2280 3209 2340 space
3224 2280 3262 2340 on

1823 2344 1865 2404 22
1886 2346 1942 2406 for
1963 2348 2103 2408 capital
2124 2345 2180 2405 N.
2229 2344 2327 2404 Hain
2362 2340 2495 2400 17849.

3095 2424 3280 2484 Capital

1885 2435 2010 2495 200X
2037 2436 2118 2496 134
2153 2432 2261 2492 mm.
2324 2432 2530 2492 Without
2556 2428 2628 2488 the
2655 2428 2780 2488 blank
2816 2424 2905 2484 last
2933 2423 3041 2483 leaf.

1821 2496 1846 2556 N
1889 2496 1965 2556 and
2009 2496 2402 2556 paragraph-mark
2436 2492 2488 2552 on
2522 2490 2565 2550 2e
2590 2488 2787 2548 supplied
2821 2488 2856 2548 in
2890 2483 2983 2543 red.

3054 2575 3148 2635 IA.
3177 2580 3282 2640 295.

1886 2592 2072 2652 Bought
2098 2592 2125 2652 in
2169 2588 2293 2648 July,
2318 2588 2451 2648 1882.

1823 3684 2042 3744 mariam.
2081 3680 2470 3740 DEO.GRACIAS.
2519 3669 2649 3729 372b.
2669 3669 2887 3729 Sequitur
2907 3664 3046 3724 tabula
3076 3664 3265 3724 rubricaz

1826 3744 1957 3804 huius
1987 3740 2231 3800 uoluminis
2250 3740 2341 3800 ...
2391 3740 2522 3800 3732.
2532 3736 2573 3796 l.
2593 3731 2633 3791 8,
2655 3732 2795 3792 END:
2825 3723 3057 3783 alphabeti
3079 3720 3249 3780 ordinem

1827 3804 1981 3864 tenens
2010 3800 2227 3860 cxxxiiij.

2778 3861 2839 3921 373
2859 3858 3000 3918 leaves.
3051 3856 3061 3916 2
3091 3856 3283 3916 columns.

1882 3879 2014 3939 Folio.
2051 3872 2173 3932 Ta-f10
2202 3873 2239 3933 gt
2267 3869 2370 3929 h-t10
2399 3864 2483 3924 y6-1
2501 3865 2624 3925 A-S10
2651 3859 2717 3919 T4.

1838 3921 1904 3981 12:
1932 3927 1978 3987 66
2008 3924 2120 3984 lines,
2138 3922 2205 3982 272
2224 3921 2233 3981 X
2261 3920 2327 3980 183
2355 3920 2449 3980 mm.
2505 3916 2647 3976 Type:
2675 3912 2741 3972 82.
2788 3908 2929 3968 One-to
2967 3908 3079 3968 four-,
3088 3904 3267 3964 seven-to

1821 3976 1950 4036 nine-,
1967 3976 2028 4036 and
2062 3973 2286 4033 twelve-line
2312 3972 2451 4032 spaces
2477 3968 2529 4028 for
2546 3964 2727 4024 capitals.
2770 3958 2874 4018 Hain
2908 3956 3039 4016 '2254.

1875 4047 2018 4107 Tables
2040 4044 2161 4104 drawn
2184 4043 2221 4103 up
2259 4040 2297 4100 by
2327 4042 2395 4102 Dr.
2410 4040 2539 4100 Zedler
2561 4036 2636 4096 (op.
2651 4034 2742 4094 cit.),
2757 4031 2862 4091 based
2886 4025 2923 4085 on
2953 4024 2983 4084 an
3013 4024 3262 4084 examination

1830 4093 1875 4153 of
1893 4096 1957 4156 the
1975 4096 2020 4156 41
2038 4096 2175 4156 copies
2193 4092 2238 4152 of
2256 4092 2329 4152 this
2347 4090 2438 4150 book
2474 4088 2583 4148 which
2610 4084 2701 4144 have
2728 4080 2819 4140 been
2846 4074 3046 4134 registered
3073 4072 3109 4132 as
3127 4072 3282 4132 extant,

1831 4144 1922 4204 show
1963 4144 2045 4204 that
2066 4144 2168 4204 these
2198 4140 2280 4200 may
2311 4139 2351 4199 be
2382 4136 2525 4196 divided
2555 4133 2627 4193 into
2658 4128 2811 4188 several
2832 4121 2965 4181 groups
2985 4116 2995 4176 ;
3035 4116 3057 4176 8
3077 4119 3210 4179 copies
3230 4115 3270 4175 on

1826 4190 1942 4250 vellum
1987 4192 2067 4252 with
2094 4192 2149 4252 the
2175 4189 2310 4249 Incipit
2336 4188 2471 4248 printed
2498 4184 2524 4244 in
2551 4182 2613 4242 red
2641 4180 2703 4240 and
2730 4176 2748 4236 a
2774 4176 2935 4236 one-line
2963 4164 3070 4224 space
3105 4168 3267 4228 between

1835 4244 1897 4304 the
1918 4240 1990 4300 end
2023 4240 2064 4300 of
2085 4240 2168 4300 text
2190 4240 2262 4300 and
2293 4236 2470 4296 colophon
2491 4232 2511 4292 ;
2543 4232 2554 4292 9
2585 4228 2709 4288 copies
2742 4224 2824 4284 with
2855 4219 3002 4279 printed
3033 4216 3179 4276 Incipit
3199 4216 3262 4276 and

1830 4290 2002 4350 one-line
2022 4288 2133 4348 space
2164 4288 2204 4348 on
2234 4285 2355 4345 paper
2375 4280 2649 4340 watermarked
2679 4273 2760 4333 with
2790 4272 2830 4332 an
2861 4265 3042 4325 oxhead;
3083 4264 3123 4324 11
3153 4264 3274 4324 copies

1835 4340 1989 4400 without
2018 4339 2163 4399 printed
2201 4334 2366 4394 Incipit,
2385 4332 2472 4392 with
2501 4328 2520 4388 a
2549 4326 2714 4386 one-line
2752 4319 2858 4379 space
2897 4312 3051 4372 between
3090 4312 3167 4372 text
3196 4315 3263 4375 and

1836 4389 2047 4449 colophon,
2068 4384 2219 4444 printed
2248 4383 2288 4443 on
2329 4379 2440 4439 paper
2480 4376 2741 4436 watermarked
2781 4368 2872 4428 with
2912 4364 2923 4424 a
2963 4358 3033 4418 D;
3074 4359 3114 4419 10
3144 4360 3274 4420 copies

1843 4438 2002 4498 without
2022 4434 2161 4494 printed
2200 4432 2360 4492 Incipit,
2379 4425 2448 4485 with
2489 4424 2499 4484 a
2528 4423 2726 4483 three-line
2757 4413 2896 4473 space,
2906 4415 3055 4475 printed
3084 4412 3124 4472 on
3154 4408 3272 4468 paper

1844 4484 2107 4544 watermarked
2149 4480 2271 4540 either
2302 4476 2382 4536 with
2424 4476 2434 4536 a
2475 4472 2587 4532 tower
2607 4466 2657 4526 or
2688 4464 2770 4524 with
2810 4464 2820 4524 a
2862 4461 3004 4521 crown.
3055 4459 3137 4519 The
3167 4456 3268 4516 three

1837 4535 1944 4595 other
1961 4532 2086 4592 copies
2113 4528 2203 4588 show
2238 4526 2452 4586 individual
2471 4520 2756 4580 combinations,
2774 4511 2837 4571 one
2863 4511 2998 4571 printed
3024 4508 3068 4568 on
3095 4505 3274 4565 D-paper

1838 4584 1968 4644 having
1999 4584 2019 4644 a
2049 4580 2200 4640 printed
2230 4576 2390 4636 Incipit,
2400 4572 2460 4632 one
2490 4568 2631 4628 printed
2671 4567 2710 4627 on
2742 4558 2881 4618 tower-
2901 4557 2972 4617 and
3012 4556 3272 4616 crown-paper

1840 4632 1981 4692 having
2011 4629 2092 4689 only
2112 4628 2132 4688 a
2162 4624 2323 4684 one-line
2343 4620 2453 4680 space
2485 4615 2645 4675 between
2675 4612 2756 4672 text
2776 4610 2846 4670 and
2876 4608 3088 4668 colophon,
3108 4604 3169 4664 and
3208 4602 3268 4662 one

1840 4678 1920 4738 with
1961 4680 1981 4740 a
2021 4676 2222 4736 three-line
2252 4673 2363 4733 space
2392 4669 2464 4729 and
2503 4666 2664 4726 without
2684 4662 2835 4722 printed
2866 4660 3017 4720 Incipit
3047 4655 3178 4715 having
3217 4652 3267 4712 the

3061 4738 3127 4798 39
