4093 5700
332 1577 1015 1637 TURRECREMATA,
1055 1576 1310 1636 JOANNES
1362 1575 1464 1635 DE.
1545 1572 1780 1632 Medita¬

390 1660 591 1720 tiones.

1180 1660 1199 1720 3
1246 1656 1589 1716 September,
1626 1656 1785 1716 1479.

389 1762 450 1822 22.
473 1764 796 1824 Meditationes
834 1764 1227 1824 Reuerendissimi
1257 1761 1396 1821 patris
1488 1760 1665 1820 domini
1703 1754 1781 1814 lo¬

330 1831 480 1891 hannis
501 1824 552 1884 de
588 1823 924 1883 Turrecremata
968 1824 1046 1884 Sa¬
1089 1821 1311 1881 crosancte
1347 1820 1547 1880 Romane
1591 1818 1762 1878 ecclesie

338 1888 571 1948 Cardinalis
609 1881 707 1941 posi
738 1880 775 1940 te
813 1880 859 1940 et
889 1881 1070 1941 depicte
1107 1880 1161 1940 de
1198 1880 1334 1940 ipsius
1372 1880 1584 1940 mandato
1629 1879 1660 1939 in
1705 1874 1772 1934 ec¬

326 1948 447 2008 clesie
541 1944 706 2004 ambitu
750 1944 901 2004 sancte
944 1940 1081 2000 Marie
1124 1940 1174 2000 de
1218 1940 1419 2000 Minerua
1461 1940 1628 2000 Rome.
1685 1937 1763 1997 496

335 2004 631 2064 COLOPHON:
683 2000 1064 2060 Contemplacones
1116 2000 1373 2060 supradicte
1425 2000 1504 2060 per
1563 1996 1734 2056 reueren

332 2064 533 2124 dissimum
589 2064 734 2124 patrem
789 2063 977 2123 dominum
1004 2060 1226 2120 Iohannem
1337 2056 1393 2116 de
1435 2056 1767 2116 Turrecremata

337 2128 555 2188 Cardinale
597 2121 738 2181 sancti
759 2120 879 2180 sixti
935 2120 1111 2180 ordinis
1146 2120 1456 2180 predicatorum
1512 2120 1625 2180 edite
1646 2116 1660 2176 :
1696 2114 1773 2174 im¬

337 2184 530 2244 pressep
638 2184 854 2244 iohannem
925 2180 1169 2240 numeister
1220 2177 1406 2237 clericum
1478 2178 1636 2238 magun
1680 2176 1765 2236 tinu

340 2244 460 2304 Anno
481 2244 559 2304 dni
573 2236 1109 2296 Millesimoquadringen¬
1151 2240 1772 2300 tesimoseptuagesimonono

331 2304 398 2364 die
424 2307 551 2367 tercia
585 2308 645 2368 me
692 2304 746 2364 sis
772 2304 986 2364 septebris
1013 2303 1200 2363 feliciter
1227 2296 1334 2356 sunt
1354 2300 1687 2360 consummate.

348 3400 970 3460 BREYDENBACH,
1001 3397 1317 3457 BERNHARD
1369 3401 1501 3461 VON.
1573 3400 1798 3460 Itinera¬

405 3473 573 3533 rium.

1175 3467 1263 3527 11
1303 3483 1608 3543 February,
1637 3484 1787 3544 1486.

411 3560 465 3620 1°.
496 3568 731 3628 Woodcut.
786 3572 857 3632 22.
880 3576 1279 3636 REuerendissimo
1317 3576 1342 3636 in
1380 3576 1467 3636 xpo
1498 3576 1615 3636 patri
1638 3576 1678 3636 et
1701 3575 1779 3635 dno

348 3621 423 3681 dno
516 3627 761 3687 Bertholdo
795 3632 948 3692 sancte
981 3636 1218 3696 Magutin.
1243 3636 1362 3696 sedis
1395 3636 1556 3696 Archil
1573 3636 1784 3696 episcopo

345 3684 476 3744 Sacri
500 3688 705 3748 Romani
730 3692 927 3752 Imperij
951 3694 1034 3754 per
1108 3696 1337 3756 germania
1379 3696 1780 3756 Archicancellario

347 3738 394 3798 ac
418 3744 608 3804 principi
671 3748 861 3808 electori
886 3751 965 3811 dno
1004 3752 1076 3812 suo
1108 3756 1433 3816 gratiosissimo
1464 3756 1663 3816 Bernhar
1702 3753 1781 3813 dus

341 3800 392 3860 de
435 3806 750 3866 Breydenbach
794 3810 912 3870 dicte
955 3812 1138 3872 ecclesie
1182 3812 1277 3872 Maz
1314 3816 1556 3876 guntinen,
1592 3816 1782 3876 decanus

349 3858 485 3918 simul
500 3860 546 3920 et
568 3868 840 3928 camerarius
909 3872 1197 3932 obedientiam
1249 3875 1485 3935 promptam
1537 3872 1582 3932 et
1613 3872 1794 3932 deuotâ.

342 3912 409 3972 4°.
442 3921 620 3981 Prefatio
662 3927 695 3987 in
746 3928 864 3988 opus
907 3932 1200 3992 transmarine
1252 3932 1353 3992 pero
1412 3936 1681 3996 grinationis
1723 3933 1773 3993 ad

348 3977 605 4037 venerandum
622 3983 656 4043 et
673 3987 835 4047 glorio¬
870 3988 947 4048 sum
990 3992 1204 4052 sepulcrum
1221 3992 1444 4052 dominicum
1461 3992 1486 4052 in
1521 3992 1752 4052 Iherusalem

347 4036 444 4096 élus
473 4038 512 4098 tu
551 4040 706 4100 laudes
745 4045 784 4105 tu
823 4048 997 4108 fructus
1027 4052 1182 4112 paucis
1221 4052 1337 4112 attol
1367 4052 1484 4112 lens.
1503 4052 1805 4112 intentioneqe

344 4096 568 4156 exprimés
593 4104 783 4164 auctoris
859 4108 908 4168 et
941 4106 1082 4166 operis
1107 4112 1348 4172 diuisionem
1406 4112 1572 4172 Incipit
1588 4112 1795 4172 feliciter.

354 4148 415 4208 84.
432 4156 641 4216 Sequitur
667 4166 831 4226 inicium
875 4168 1005 4228 huius
1039 4170 1404 4230 peregrinationis
1430 4172 1447 4232 a
1482 4172 1751 4232 soloaa

344 4208 416 4268 vsq
452 4218 670 4278 venecias.
715 4224 842 4284 145b.
860 4228 1123 4288 COLOPHON
1151 4230 1169 4290 :
1187 4229 1395 4289 Sanctaru
1432 4232 1785 4292 peregrinationu

354 4267 387 4327 in
412 4276 582 4336 montem
632 4282 742 4342 Syon
775 4284 818 4344 ad
843 4288 1105 4348 venerandum
1121 4289 1206 4349 xpi
1223 4291 1257 4351 se
1299 4292 1442 4352 pulcru
1477 4288 1502 4348 in
1536 4292 1797 4352 lerüsalem.

346 4331 441 4391 atqe
457 4336 488 4396 in
529 4340 671 4400 monte
711 4341 853 4401 Synai
878 4348 925 4408 ad
956 4348 1060 4408 diuâ
1099 4348 1258 4408 virgine
1290 4348 1337 4408 et
1361 4350 1527 4410 martire
1623 4349 1789 4409 Kathe¬

351 4386 434 4446 rina
476 4400 716 4460 opusculum
783 4404 866 4464 hoc
907 4408 1131 4468 côtentiuù
1181 4408 1198 4468 p
1247 4409 1447 4469 Erhardu
1497 4406 1680 4466 reüwich
1738 4408 1787 4468 de

362 4450 557 4510 Traiecto
654 4462 858 4522 inferiori
887 4464 1130 4524 impressum
1208 4468 1246 4528 In
1296 4467 1480 4527 ciuitate
1519 4466 1791 4526 Moguntina

357 4512 477 4572 Anno
511 4516 683 4576 salutis.
708 4522 777 4582 M.
803 4524 923 4584 cccc.
992 4528 1180 4588 Ixxxvj.
1206 4528 1292 4588 die.
1317 4528 1386 4588 xj.
1412 4528 1652 4588 Februarij
1669 4527 1797 4587 Finit

354 4568 509 4628 feliter.
555 4580 784 4640 DEVICE.
829 4576 958 4636 1476,
976 4584 1196 4644 underline
1223 4588 1252 4648 to
1279 4588 1499 4648 woodcut,
1517 4584 1655 4644 END:
1682 4587 1782 4647 Hec

356 4632 553 4692 animalia
596 4639 708 4699 sunt
742 4644 956 4704 veraciter
990 4648 1170 4708 depicta
1213 4648 1324 4708 sicut
1367 4650 1555 4710 vidimus
1590 4648 1633 4708 in
1675 4648 1786 4708 terra

348 4690 531 4750 sancta.

1884 1560 2016 1620 Folio.
2057 1555 2162 1615 Ja-es
2182 1544 2259 1604 f841
2343 1556 2384 1616 49
2411 1556 2558 1616 leaves,
2585 1552 2648 1612 the
2683 1549 2766 1609 first
2794 1548 2933 1608 blank.
2989 1542 3030 1602 2b
3051 1540 3064 1600 :
3100 1544 3141 1604 26
3176 1544 3295 1604 lines,

1838 1605 1904 1665 184
1918 1608 1933 1668 x
1962 1608 2021 1668 110
2050 1607 2146 1667 mm.
2190 1600 2329 1660 Type:
2358 1604 2446 1664 141.
2497 1604 2541 1664 34
2571 1600 2673 1660 cuts,
2694 1600 2739 1660 of
2761 1598 2878 1658 which
2922 1596 2958 1656 33
2987 1596 3157 1656 measure
3193 1595 3266 1655 64x

1836 1652 1875 1712 88
1901 1656 2007 1716 mm.,
2026 1656 2145 1716 within
2171 1652 2329 1712 borders
2355 1648 2428 1708 87X
2454 1652 2512 1712 110
2545 1648 2651 1708 mm.,
2670 1648 2736 1708 and
2769 1648 2834 1708 one
2868 1644 2959 1704 152X
2992 1645 3052 1705 114
3078 1644 3170 1704 mm.
3190 1643 3268 1703 with

1837 1705 1905 1765 out
1925 1704 2095 1764 borders.
2150 1704 2334 1764 Two-line
2361 1701 2490 1761 spaces
2517 1700 2572 1760 for
2592 1700 2769 1760 capitals.
2816 1696 2919 1756 Hain
2966 1693 3109 1753 15726.

2351 1783 2548 1843 Without
2586 1780 2662 1840 the
2716 1780 2844 1840 blank
2898 1780 3005 1840 leaf.
3072 1776 3172 1836 The
3217 1774 3293 1834 cut

1904 1784 1980 1844 260
2004 1788 2027 1848 X
2057 1786 2134 1846 187
2179 1788 2293 1848 mm.

1841 1844 1889 1904 on
1921 1846 1961 1906 58
1994 1846 2026 1906 is
2058 1848 2259 1908 coloured
2299 1845 2332 1905 in
2364 1844 2525 1904 green.
2581 1844 2806 1904 Capitals,
2823 1836 3185 1896 initial-strokes,
3201 1836 3281 1896 and

1841 1908 2261 1968 paragraph-marks
2294 1908 2325 1968 in
2357 1908 2460 1968 red,
2476 1908 2507 1968 in
2548 1904 2643 1964 part
2667 1903 2714 1963 of
2738 1900 2802 1960 the
2841 1900 2976 1960 book.

3074 1984 3169 2044 IB.
3188 1991 3304 2051 324.

1903 1996 2081 2056 Bought
2105 1996 2137 2056 in
2178 1996 2307 2056 June,
2332 1996 2469 2056 1872.

1839 2124 2096 2184 Another
2125 2120 2254 2180 copy
2293 2124 2352 2184 of
2383 2123 2462 2183 the
2501 2121 2610 2181 last
2629 2120 2758 2180 leaf.

1904 2208 1980 2268 281
2003 2208 2025 2268 X
2056 2208 2132 2268 184
2169 2210 2283 2270 mm.

3077 2287 3171 2347 IB.
3189 2291 3301 2351 325.

1904 2296 2112 2356 Bought.

1901 3384 2032 3444 Folio.
2077 3384 2111 3444 Ja
2137 3384 2176 3444 be
2196 3382 2281 3442 c-p?
2301 3380 2353 3440 q1°
2373 3384 2603 3444 r-s'+three
2636 3384 2760 3444 sheets
2793 3380 2833 3440 of
2852 3383 2918 3443 two
2951 3380 3082 3440 leaves
3109 3380 3193 3440 each
3233 3376 3298 3436 not

1848 3432 2005 3492 forming
2045 3432 2132 3492 part
2155 3432 2196 3492 of
2220 3432 2342 3492 quires
2370 3432 2434 3492 and
2463 3432 2620 3492 inserted
2655 3432 2684 3492 in
2713 3429 2887 3489 different
2916 3430 3044 3490 places
3067 3430 3090 3490 in
3119 3428 3293 3488 different

1848 3480 1996 3540 copies.
2061 3480 2126 3540 148
2156 3480 2304 3540 leaves,
2328 3480 2387 3540 the
2422 3480 2494 3540 last
2517 3480 2653 3540 blank.
2701 3480 2790 3540 Five
2825 3480 2950 3540 leaves
2973 3476 3050 3536 (13,
3074 3477 3134 3537 17,
3151 3479 3210 3539 22,
3234 3476 3293 3536 24,

1848 3529 1917 3589 and
1952 3531 2010 3591 146
2039 3528 2069 3588 in
2097 3528 2167 3588 this
2190 3526 2307 3586 copy)
2324 3528 2382 3588 are
2411 3528 2591 3588 extended
2626 3528 2666 3588 by
2695 3527 2829 3587 having
2864 3528 3055 3588 additions
3085 3526 3212 3586 pasted
3247 3524 3287 3584 on

1848 3579 1972 3639 them,
2001 3576 2035 3636 so
2074 3576 2114 3636 as
2148 3576 2177 3636 to
2216 3576 2358 3636 receive
2398 3576 2494 3636 large
2534 3576 2647 3636 maps
2676 3576 2715 3636 of
2755 3576 2914 3636 Venice,
2942 3576 3101 3636 Modon,
3129 3576 3293 3636 Candia,

1849 3628 2030 3688 Rhodes,
2054 3624 2121 3684 and
2163 3627 2375 3687 Palestine.
2429 3624 2508 3684 The
2545 3628 2666 3688 length
2702 3624 2744 3684 of
2769 3624 2853 3684 that
2883 3622 2920 3682 of
2950 3622 3083 3682 Venice
3119 3621 3150 3681 is
3180 3623 3295 3683 about

1860 3672 1926 3732 1-65
1956 3672 2107 3732 metres.
2156 3676 2277 3736 There
2302 3676 2362 3736 are
2392 3676 2465 3736 also
2495 3676 2605 3736 views
2629 3672 2665 3732 of
2689 3672 2852 3732 Parenza
2877 3669 2944 3729 and
2980 3671 3113 3731 Corfu,
3131 3669 3289 3729 occupy¬

1848 3721 1906 3781 ing
1940 3724 2005 3784 two
2039 3723 2156 3783 pages
2184 3722 2301 3782 each,
2318 3724 2335 3784 a
2370 3724 2544 3784 woodcut
2568 3720 2811 3780 frontispiece
2846 3720 2910 3780 and
2945 3720 3027 3780 nine
3056 3720 3166 3780 other
3195 3720 3293 3780 cuts,

1848 3771 1997 3831 besides
2020 3772 2198 3832 woodcut
2216 3772 2436 3832 alphabets.
2490 3772 2608 3832 There
2638 3770 2698 3830 are
2733 3768 2864 3828 spaces
2893 3766 2947 3826 for
2977 3768 3078 3828 other
3101 3767 3291 3827 woodcuts

1852 3817 1917 3877 not
1941 3820 2035 3880 filled
2071 3819 2124 3879 in.
2171 3818 2212 3878 2b
2236 3821 2248 3881 :
2272 3824 2313 3884 44
2343 3824 2449 3884 lines,
2467 3820 2532 3880 204
2550 3820 2568 3880 X
2591 3820 2650 3880 126
2680 3820 2775 3880 mm.
2822 3812 2976 3872 Types:
2994 3812 3058 3872 93,
3076 3812 3183 3872 text;
3212 3813 3295 3873 149,

1850 3868 2055 3928 headings.
2106 3868 2300 3928 Woodcut
2325 3868 2486 3928 capitals
2512 3868 2556 3928 on
2596 3868 2634 3928 22
2666 3868 2737 3928 and
2775 3862 2833 3922 4°,
2859 3864 3058 3924 elsewhere
3090 3864 3219 3924 three-
3251 3858 3283 3918 to

1849 3920 2062 3980 seven-line
2088 3920 2224 3980 spaces
2243 3920 2301 3980 for
2320 3920 2501 3980 capitals.
2546 3920 2650 3980 Hain
2682 3915 2817 3975 '3956.

1903 4033 1962 4093 12,
1988 4036 2098 4096 blank
2123 4036 2131 4096 ;
2165 4033 2216 4093 1b,
2241 4035 2409 4095 woodcut
2435 4036 2672 4096 frontispiece
2697 4032 2705 4092 ;
2739 4025 2866 4085 28—3e,
2892 4028 3103 4088 dedication
3120 4025 3136 4085 ;
3170 4019 3298 4079 3b-42.

1849 4082 1945 4142 table
1977 4084 2022 4144 of
2048 4084 2215 4144 contents
2234 4081 2247 4141 ;
2285 4078 2420 4138 4°-7b,
2439 4084 2580 4144 preface
2600 4078 2612 4138 ;
2644 4079 2824 4139 82-1002,
2849 4076 2926 4136 text
2952 4076 2991 4136 of
3016 4076 3099 4136 part
3119 4076 3132 4136 i
3145 4076 3158 4136 ;
3183 4072 3273 4132 100°

1860 4128 1890 4188 In
1914 4132 2077 4192 secunda
2107 4132 2404 4192 peregrinatione
2428 4132 2471 4192 ab
2495 4132 2677 4192 lerusalem
2755 4128 2822 4188 per
2846 4128 3039 4188 solitudine
3064 4124 3094 4184 in
3118 4127 3270 4187 montem

1854 4179 1973 4239 Synai
1996 4181 2038 4241 ad
2073 4180 2234 4240 sanctam
2329 4180 2559 4240 Katherinam
2613 4180 2720 4240 pfatio
2761 4176 3028 4236 comendaticia
3070 4172 3201 4232 incipit
3236 4172 3265 4232 fe

1853 4231 1992 4291 liciter.
2040 4231 2131 4291 End
2165 4230 2207 4290 of
2228 4231 2311 4291 part
2339 4230 2380 4290 ii,
2401 4228 2485 4288 130b
2505 4228 2519 4288 ;
2547 4228 2727 4288 131-145,
2741 4224 2887 4284 various
2914 4224 3150 4284 appendixes
3171 4224 3186 4284 ;
3213 4224 3304 4284 146,

1860 4280 1942 4340 147,
1963 4280 2238 4340 illustrations;
2265 4280 2355 4340 148,
2369 4280 2506 4340 blank.

1922 4409 1994 4469 307
2019 4408 2035 4468 X
2067 4408 2277 4468 211mm.
2309 4404 2406 4464 The
2430 4402 2535 4462 large
2568 4400 2721 4460 folding
2745 4400 2979 4460 woodcuts
2996 4400 3060 4460 are
3092 4400 3286 4460 coloured

1850 4464 1885 4524 in
1920 4468 2019 4528 red,
2033 4464 2188 4524 green,
2209 4467 2385 4527 yellow,
2406 4464 2477 4524 and
2512 4460 2632 4520 blue,
2653 4460 2731 4520 and
2759 4460 2829 4520 are
2857 4460 2942 4520 now
2991 4460 3196 4520 mounted
3239 4460 3288 4520 on

1853 4527 1994 4587 linen.
2053 4528 2246 4588 Capitals
2276 4524 2305 4584 in
2343 4524 2410 4584 red
2439 4522 2521 4582 and
2551 4520 2670 4580 blue,
2692 4520 3026 4580 initial-strokes
3056 4520 3131 4580 and
3168 4520 3294 4580 para¬

1855 4588 2182 4648 graph-marks
2210 4588 2237 4648 in
2266 4584 2369 4644 red.
2424 4584 2555 4644 Some
2583 4580 2864 4640 manuscript
2883 4580 3033 4640 notes.

3096 4703 3181 4763 IB.
3199 4704 3302 4764 331.
