4000 5710
785 531 1038 591 Another
1072 531 1240 591 copy.

850 625 914 685 On
939 623 1126 683 vellum.
1164 627 1242 687 299
1267 627 1287 687 X
1319 625 1390 685 200
1415 627 1531 687 mm.
1570 627 1661 687 The
1692 623 1918 683 woodcuts
1943 627 2001 687 are
2027 627 2226 687 coloured

795 687 820 747 in
865 684 1019 744 green,
1051 687 1173 747 blue,
1199 685 1295 745 red,
1328 687 1494 747 brown,
1520 684 1597 744 and
1642 683 1822 743 yellow.
1886 683 2240 743 Unrubricated.

804 744 881 804 The
916 747 1008 807 map
1050 747 1092 807 of
1121 747 1191 807 the
1233 746 1346 806 Holy
1395 747 1515 807 Land
1550 747 1578 807 is
1607 747 1747 807 bound
1790 747 1825 807 in
1867 746 1952 806 this
1980 747 2086 807 copy
2121 747 2234 807 after

790 807 880 867 leaf
910 807 1015 867 130.

851 899 969 959 King
1003 898 1179 958 George
1205 899 1314 959 III's
1340 899 1450 959 copy
1483 903 1559 963 (C.
1585 903 1652 963 14.
1669 903 1711 963 c.
1736 905 1830 965 13).

2023 898 2113 958 IB.
2130 902 2239 962 332.

788 1039 1036 1099 Another
1072 1039 1240 1099 copy.

846 1128 906 1188 On
933 1131 1120 1191 vellum.
1160 1131 1240 1191 288
1267 1131 1280 1191 x
1314 1131 1387 1191 198
1413 1132 1527 1192 mm.
1574 1131 1661 1191 The
1688 1131 1914 1191 woodcuts
1934 1135 2001 1195 are
2027 1131 2221 1191 coloured

783 1193 817 1253 in
864 1191 960 1251 red,
980 1192 1137 1252 green,
1157 1191 1232 1251 and
1272 1191 1456 1251 yellow.
1518 1191 1871 1251 Unrubricated.
1926 1191 2021 1251 The
2054 1194 2150 1254 map
2191 1195 2238 1255 of

787 1255 857 1315 the
893 1255 1006 1315 Holy
1041 1254 1162 1314 Land
1197 1254 1233 1314 is
1261 1251 1403 1311 bound
1439 1255 1545 1315 after
1573 1251 1665 1311 leaf
1693 1251 1793 1311 130.

858 1346 1076 1406 Grenville
1115 1347 1216 1407 copy
1255 1347 1334 1407 (G.
1356 1347 1512 1407 7202).

2031 1347 2116 1407 IB.
2137 1357 2244 1417 333.

792 1479 1419 1539 BREYDENBACH,
1474 1483 1784 1543 BERNHARD
1857 1483 1993 1543 VON.
2066 1483 2220 1543 Reise

1776 1556 1857 1616 321
1897 1565 2057 1625 June,
2087 1567 2237 1627 1486.

861 1563 932 1623 ins
967 1563 1163 1623 heilige
1208 1563 1395 1623 Land.

851 1653 919 1713 1°.
932 1655 1177 1715 Woodcut.
1225 1655 1293 1715 22.
1314 1656 1395 1716 Dem
1443 1659 1810 1719 hochwirdigsten
1845 1656 1988 1716 vatter
2008 1659 2055 1719 yn
2082 1659 2232 1719 cristo.

789 1716 868 1776 vnd
915 1715 1062 1775 herren
1116 1719 1215 1779 hern
1269 1719 1536 1779 Bertholdo.
1623 1719 1702 1779 deß
1749 1719 1950 1779 heyligen
2003 1719 2136 1779 stûles
2176 1720 2216 1780 zû

795 1778 936 1838 Mentz
969 1777 1290 1837 Ertzbischoff.
1310 1779 1383 1839 des
1410 1779 1658 1839 Römschen
1691 1779 1831 1839 riches
1864 1779 1991 1839 Ertz¬
2032 1779 2232 1839 kantzler

788 1835 914 1895 durch
946 1835 1116 1895 tütsche
1147 1835 1267 1895 lande
1298 1839 1374 1899 vnd
1411 1839 1651 1899 kurfursten
1689 1839 1720 1899 zc
1758 1839 1916 1899 mynem
1960 1839 2218 1899 gnedigsten

783 1895 861 1955 her
893 1895 966 1955 ren
998 1895 1071 1955 Ich
1110 1899 1326 1959 Bernhard
1366 1895 1411 1955 vo
1444 1899 1765 1959 Breydenbach
1798 1899 1877 1959 deß
1903 1899 2047 1959 selben
2079 1899 2217 1959 hohen

782 1953 942 2013 stifftes
975 1953 1026 2013 yn
1071 1955 1213 2015 mentz
1290 1958 1457 2018 dechan
1489 1959 1572 2019 vnd
1612 1959 1817 2019 Camerer
1849 1959 1914 2019 te.
1939 1959 2042 2019 Myn
2081 1959 2228 2019 schul-

785 2011 909 2071 digen
975 2015 1152 2075 willigen
1217 2019 1368 2079 dienst
1414 2015 1498 2075 vnd
1551 2019 1715 2079 vnder¬
1748 2019 1892 2079 tenige
1950 2019 2232 2079 gehorsame.

776 2073 947 2133 allezyt
980 2075 1204 2135 dienstlich
1250 2078 1297 2138 zü
1336 2075 1435 2135 vor.
1494 2077 1560 2137 72.
1593 2076 1685 2136 Eyn
1719 2079 1870 2139 vorred
1909 2079 1956 2139 yn
1995 2079 2055 2139 diß
2094 2079 2232 2139 nach-

792 2135 927 2195 gende
969 2135 1097 2195 werck
1145 2135 1220 2195 der
1314 2135 1403 2195 fart
1437 2135 1539 2195 vber
1573 2137 1668 2197 mer
1702 2139 1750 2199 zu
1790 2135 1838 2195 de
1886 2139 2069 2199 heiligen
2117 2139 2218 2199 grab

776 2190 927 2250 vnsers
1026 2191 1177 2251 herren
1217 2195 1336 2255 ihesu
1375 2195 1501 2255 cristi
1527 2195 1607 2255 gen
1646 2198 1870 2258 Ierusalem
1923 2195 2068 2255 ynhal
2100 2195 2226 2255 tende

782 2255 849 2315 lob
882 2251 956 2311 vnd
996 2255 1097 2315 nutz
1137 2253 1211 2313 der
1244 2255 1385 2315 selben
1425 2255 1525 2315 reyß
1566 2255 1666 2315 auch
1740 2255 1994 2315 vßdrucken
2034 2259 2215 2319 meynug

792 2312 865 2372 vnd
898 2313 1098 2373 vßteylüg
1145 2315 1205 2375 diß
1291 2315 1485 2375 werckes
1519 2315 1652 2375 vahet
1685 2315 1725 2375 an
1772 2315 2052 2375 seliglichen.
2112 2315 2218 2375 1622

789 2372 1104 2432 COLOPHON:
1157 2371 1291 2431 Dises
1345 2375 1478 2435 werck
1539 2375 1840 2435 ynnhaltende
1900 2375 1967 2435 die
2020 2375 2221 2435 heyligen

783 2432 933 2492 reyßen
987 2431 1062 2491 gen
1123 2435 1375 2495 Iherusalem
1444 2436 1491 2496 zu
1600 2435 1682 2495 dem
1743 2435 1935 2495 heiligen
1982 2435 2084 2495 grab
2139 2436 2221 2496 vnd

790 2495 932 2555 furbaß
959 2494 1000 2554 zu
1041 2491 1115 2551 der
1142 2495 1462 2555 hochgelobten
1496 2495 1788 2555 jungfrauwen
1829 2495 1904 2555 vnd
1971 2495 2216 2555 mertreryn

779 2552 881 2612 sant
922 2555 1154 2615 Katheryn
1202 2554 1331 2614 durch
1379 2555 1542 2615 Erhart
1584 2555 1734 2615 rewich
1781 2555 1857 2615 von
1904 2555 2102 2615 Vttricht
2136 2555 2218 2615 ynn

789 2609 862 2669 der
922 2615 1036 2675 statt
1062 2611 1243 2671 Meyntz
1276 2615 1510 2675 getrucket
1537 2615 1597 2675 Ym
1651 2615 1711 2675 jar
1738 2615 1884 2675 vnsers
1912 2615 2039 2675 heylß
2065 2615 2232 2675 tusent.

786 2671 1057 2731 vierhüdert.
1084 2672 1132 2732 vn
1241 2675 1424 2735 lxxxvj.
1451 2675 1499 2735 yn
1546 2675 1669 2735 dem.
1696 2675 1797 2735 xxj.
1832 2675 1893 2735 tag
1940 2675 2015 2735 deß
2063 2675 2225 2735 Brach-

779 2734 1011 2794 monedts.
1066 2735 1223 2795 Endet
1243 2735 1325 2795 sich
1360 2735 1646 2795 seliglichen.
1715 2735 1933 2795 DEVICE.

823 2818 956 2878 Folio.
1011 2818 1136 2878 Ja-m'
1150 2818 1213 2878 n’;
1248 2815 1429 2875 A-F3+7
1464 2820 1582 2880 single
1617 2818 1743 2878 sheets
1770 2818 1812 2878 of
1840 2818 1910 2878 two
1944 2822 2070 2882 leaves
2104 2823 2216 2883 each.

786 2868 845 2928 164
880 2870 1023 2930 leaves,
1047 2870 1106 2930 five
1142 2870 1177 2930 of
1195 2870 1308 2930 which
1349 2870 1427 2930 (17,
1444 2870 1504 2930 23,
1522 2870 1586 2930 25,
1604 2870 1640 2930 28
1676 2870 1705 2930 in
1735 2870 1806 2930 this
1836 2870 1948 2930 copy,
1966 2870 2032 2930 and
2067 2872 2227 2932 another

781 2918 899 2978 which
929 2918 960 2978 is
985 2921 1171 2981 wanting)
1183 2921 1245 2981 are
1276 2918 1462 2978 extended
1492 2921 1529 2981 by
1561 2922 1771 2982 additional
1796 2918 1920 2978 leaves
1944 2922 2000 2982 for
2025 2922 2236 2982 woodcuts.

790 3758 1108 3818 HORTUS
1176 3762 1630 3822 SANITATIS.

1766 3766 1850 3826 123
1893 3770 2050 3830 June,
2081 3775 2240 3835 1491.

845 3870 904 3930 12.
931 3869 1085 3929 TITLE
1128 3874 1377 3934 (woodcut)
1394 3874 1412 3934 :
1438 3874 1584 3934 Ortus
1618 3878 1841 3938 sanitatis.
1902 3878 1970 3938 1°.
1996 3883 2245 3943 Woodcut.

790 3930 830 3990 2°
871 3930 1132 3990 (head-line)
1141 3930 1157 3990 :
1190 3934 1361 3994 Incipit
1386 3934 1647 3994 prohemium
1713 3939 1826 3999 pnitis
1867 3942 2047 4002 Operis.
2104 3953 2234 4013 453b.

788 3990 1037 4050 EPILOGUE
1069 3992 1158 4052 AND
1190 3994 1455 4054 COLOPHON
1487 3994 1504 4054 :
1536 3998 1624 4058 col.
1640 3998 1753 4058 2,1.7
1777 4002 1793 4062 :
1817 4002 1906 4062 ...
1938 4002 2043 4062 omia
2075 4002 2147 4062 hec
2171 4007 2187 4067 1

784 4051 862 4111 hoc
891 4050 977 4110 orto
1013 4054 1215 4114 sanitatis
1243 4052 1322 4112 hoc
1350 4053 1415 4113 est
1437 4054 1545 4114 pninti
1566 4054 1688 4114 opere
1724 4058 1788 4118 seu
1875 4062 1976 4122 libro
2011 4062 2054 4122 ad
2097 4062 2219 4122 plenu

780 4110 985 4170 reperies.
1042 4112 1169 4172 Quem
1233 4114 1389 4174 quidem
1511 4115 1652 4175 librum
1723 4118 1858 4178 omni
1893 4122 2085 4182 diligêtia
2135 4122 2227 4182 col¬

781 4170 921 4230 lectum
989 4170 1011 4230 i
1062 4170 1182 4230 elabo
1226 4174 1397 4234 ratum.
1434 4174 1715 4234 intelligibili
1760 4178 1975 4238 caractere
2028 4182 2220 4242 proprijs

781 4227 818 4287 im
877 4230 1019 4290 pensis
1048 4234 1234 4294 lacobus
1257 4234 1562 4294 meydenbach
1591 4234 1696 4294 ciuis
1718 4239 1815 4299 Mol
1830 4238 2038 4298 guntinus
2060 4242 2231 4302 luculen¬

781 4286 947 4346 tissime
979 4290 1217 4350 impressit,
1248 4294 1399 4354 sûmaq
1486 4294 1693 4354 adhibuit
1732 4298 2025 4358 diligentiam,
2048 4302 2240 4362 operaque

779 4350 979 4410 maxima
1071 4350 1122 4410 vt
1155 4354 1321 4414 singule
1364 4353 1497 4413 herbe
1530 4354 1581 4414 ac
1622 4354 1790 4414 singuli
1823 4358 1973 4418 flores,
1998 4358 2107 4418 suos
2141 4362 2190 4422 na

785 4406 949 4466 turales
980 4410 1166 4470 colores.
1190 4410 1236 4470 ac
1268 4414 1424 4474 anialia
1463 4414 1579 4474 ipsa.
1603 4415 1829 4475 volucres.
1906 4418 2047 4478 pisces
2086 4422 2235 4482 denique

783 4464 807 4524 i
839 4467 911 4527 alia
952 4466 984 4526 in
1025 4469 1113 4529 hoc
1146 4474 1468 4534 preclarissimo
1558 4475 1646 4535 ope
1686 4478 1937 4538 descripta,
1961 4476 2067 4536 suas
2099 4478 2235 4538 sicuti

778 4526 849 4586 eas
889 4526 1048 4586 natura
1096 4530 1167 4590 pro
1214 4531 1342 4591 duxit
1381 4534 1572 4594 haberêt
1604 4537 1779 4597 effigies
1810 4536 1834 4596 i
1873 4538 2064 4598 figuras.
2120 4538 2223 4598 Hoc

777 4590 841 4650 mo
891 4586 935 4646 do
985 4586 1201 4646 lectitanti
1231 4590 1439 4650 prodesse
1475 4594 1519 4654 ac
1562 4598 1785 4658 intuentem
1850 4598 1944 4658 oble
1987 4601 2103 4661 ctare
2138 4598 2224 4658 im¬

783 4650 957 4710 pressor
986 4650 1076 4710 ipse
1110 4650 1292 4710 lacobus
1320 4654 1481 4714 voluit.

2296 515 2402 575 Some
2432 514 2556 574 maps,
2574 511 2787 571 woodcuts,
2805 511 2870 571 and
2905 511 3035 571 spaces
3065 511 3100 571 as
3130 511 3154 571 in
3189 509 3248 569 the
3278 511 3379 571 Latin
3408 511 3568 571 edition.
3615 512 3680 572 82:
3704 518 3745 578 43

2295 563 2408 623 lines,
2426 563 2490 623 201
2508 560 2521 620 X
2550 559 2609 619 126
2633 563 2728 623 mm.
2776 559 2930 619 Types:
2953 559 3019 619 93,
3037 559 3137 619 text;
3167 559 3250 619 151,
3268 559 3422 619 heading
3458 559 3547 619 (72).
3600 563 3760 623 Three-,

2291 611 2411 671 four-,
2428 611 2582 671 seven-,
2599 611 2661 671 and
2690 611 2872 671 nine-line
2900 607 3031 667 spaces
3054 611 3105 671 for
3128 608 3304 668 capitals.
3356 611 3452 671 Hain
3481 611 3617 671 '3959.

2834 695 3052 755 Capitals,
3093 695 3543 755 paragraph-marks,
3584 695 3747 755 initial¬

2360 692 2441 752 307
2462 694 2482 754 X
2515 695 2590 755 215
2644 695 2760 755 mm.

2294 755 2493 815 strokes,
2512 752 2589 812 and
2621 755 2878 815 underlines
2904 751 3103 811 supplied
3135 751 3167 811 in
3206 755 3302 815 red.
3359 753 3430 813 At
3462 755 3533 815 the
3565 755 3668 815 head
3706 755 3745 815 of

2305 811 2343 871 2a
2375 812 2408 872 is
2446 815 2594 875 pasted
2639 815 2659 875 a
2697 812 2819 872 piece
2858 813 2909 873 of
2935 812 3076 872 vellum
3141 811 3315 871 bearing
3360 814 3431 874 the
3469 814 3650 874 words:
3682 812 3746 872 dis

2296 871 2432 931 buech
2479 874 2595 934 haist
2636 875 2718 935 das
2758 871 2901 931 Heilig
2963 873 3113 933 Landt
3147 871 3229 931 vnd
3276 871 3521 931 Infantzcia
3568 873 3752 933 Christi.

2306 932 2387 992 The
2422 931 2578 991 folding
2612 931 2837 991 woodcuts
2865 931 2967 991 have
2994 928 3090 988 been
3123 931 3280 991 backed
3314 931 3409 991 with
3444 935 3580 995 linen.
3627 931 3750 991 That

2302 991 2349 1051 of
2369 991 2429 1051 the
2468 991 2582 1051 Holy
2622 995 2769 1055 Land,
2789 991 2882 1051 with
2916 991 2982 1051 the
3015 991 3095 1051 two
3129 991 3356 1051 woodcuts
3389 991 3429 1051 on
3468 991 3535 1051 the
3569 991 3675 1051 back
3702 993 3748 1053 of

2297 1051 2355 1111 it,
2370 1051 2399 1111 is
2421 1053 2633 1113 wanting.
2691 1052 2801 1112 With
2830 1055 2903 1115 the
2925 1051 3254 1111 library-stamp
3291 1051 3335 1111 of
3349 1051 3422 1111 the
3466 1053 3744 1113 Bibliotheca

2300 1115 2441 1175 Regia
2478 1115 2811 1175 Monacensis'.

2360 1201 2547 1261 Bought
2570 1203 2601 1263 in
2640 1203 2788 1263 April,
2819 1203 2951 1263 1860.

3544 1202 3635 1262 IB.
3657 1214 3760 1274 335.

2301 1363 2550 1423 Another
2580 1367 2752 1427 copy.

2356 1455 2474 1515 307X
2509 1455 2585 1515 211
2633 1451 2752 1511 mm.
2828 1451 3092 1511 Imperfect,
3134 1454 3321 1514 wanting
3377 1455 3439 1515 all
3481 1455 3558 1515 the
3606 1453 3752 1513 maps.

2300 1511 2407 1571 From
2457 1515 2528 1575 the
2563 1515 2628 1575 old
2664 1515 2821 1575 Royal
2842 1515 3057 1575 Library.

3525 1514 3620 1574 IB.
3639 1515 3753 1575 336.

2302 1679 2925 1739 BREYDENBACH,
2962 1683 3264 1743 BERNHARD
3309 1682 3438 1742 VON.
3511 1683 3749 1743 Beuaer¬

3296 1756 3372 1816 24
3415 1763 3575 1823 May,
3598 1763 3760 1823 1488.

2368 1762 2453 1822 den
2501 1763 2577 1823 tot
2605 1762 2701 1822 dat
2720 1763 2921 1823 heilige
2959 1763 3140 1823 grafft.

2351 1840 2414 1900 1b.
2435 1843 2683 1903 Woodcut.
2725 1846 2797 1906 22.
2818 1843 2910 1903 Den
2938 1847 3328 1907 eerweerdichsten
3363 1847 3497 1907 vader
3518 1847 3547 1907 in
3582 1847 3667 1907 xpo
3695 1847 3760 1907 ene

2290 1907 2389 1967 here
2416 1906 2516 1966 here
2556 1906 2763 1966 Bartoldt
2796 1907 3003 1967 Eertzbis
3043 1907 3116 1967 cop
3156 1907 3230 1967 des
3263 1907 3483 1967 heilighen
3523 1907 3663 1967 stoels
3690 1907 3729 1967 vä

2299 1963 2419 2023 Mens
2446 1967 2526 2027 ...
2593 1957 2660 2017 52.
2693 1963 2780 2023 Een
2827 1963 3121 2023 voerspreken
3175 1967 3242 2027 tot
3289 1967 3396 2027 prijs
3436 1963 3516 2023 der
3563 1966 3743 2026 heiliger

2295 2025 2507 2085 beuarden
2540 2023 2642 2083 ouer
2668 2023 2745 2083 dat
2764 2025 2886 2085 meer
2913 2023 3054 2083 totten
3124 2027 3485 2087 eerweerdighen
3517 2027 3736 2087 heilighen

2292 2085 2421 2145 graue
2462 2083 2537 2143 ons
2578 2083 2701 2143 heren
2748 2083 2864 2143 ihesu
2912 2083 3042 2143 cristi
3069 2083 3109 2143 te
3157 2083 3396 2143 iherusalem
3457 2087 3478 2147 .
3498 2087 3518 2147 .
3546 2090 3560 2150 .
3627 2083 3751 2143 166°.

2296 2143 2601 2203 COLOPHON:
2629 2143 2712 2203 Dit
2733 2143 2864 2203 werck
2892 2143 3170 2203 inhoudende
3204 2145 3267 2205 die
3295 2147 3495 2207 heylighe
3524 2147 3731 2207 beuarden

2296 2203 2357 2263 tot
2384 2203 2459 2263 dat
2480 2203 2684 2263 heylighe
2712 2203 2848 2263 grafft
2868 2203 2902 2263 in
2971 2203 3271 2263 iherusalem.
3291 2207 3360 2267 ende
3367 2207 3442 2267 van
3469 2207 3571 2267 daen
3605 2204 3734 2264 totten

2299 2263 2417 2323 berch
2459 2263 2605 2323 Synai
2632 2263 2701 2323 tot
2737 2263 2805 2323 die
2841 2265 3035 2325 heilighe
3077 2265 3257 2325 maghet
3292 2263 3348 2323 end
3438 2267 3736 2327 martelarisse

2295 2323 2430 2383 Sunte
2465 2323 2662 2383 katherin
2696 2323 2920 2383 ghedruct
2948 2323 3043 2383 doir
3070 2323 3247 2383 meister
3288 2325 3506 2385 Eerhaert
3533 2323 3683 2383 rewich

2292 2381 2366 2441 van
2400 2383 2578 2443 vtrecht
2605 2383 2638 2443 in
2680 2383 2741 2443 die
2775 2383 2911 2443 Stadt
2938 2383 3006 2443 van
3047 2383 3217 2443 mentzs
3251 2384 3319 2444 Int
3340 2387 3428 2447 iaer
3462 2387 3537 2447 ons
3565 2383 3748 2443 heeren.

2296 2443 2357 2503 m.
2370 2443 2486 2503 cccc.
2500 2443 2609 2503 acht
2663 2443 2772 2503 ende
2806 2446 3024 2506 tachtich.
3044 2445 3201 2505 opten.
3221 2443 3371 2503 xxiiij.
3392 2443 3501 2503 dach
3535 2443 3568 2503 in
3609 2443 3738 2503 Meye

2293 2503 2449 2563 Endet
2494 2503 2813 2563 salichlicken.
2939 2505 3162 2565 DEVICE.
3221 2504 3347 2564 1672.
3392 2507 3644 2567 [Woodcut
3696 2507 3748 2567 of

2293 2563 2509 2623 animals.

2335 2635 2463 2695 Folio.
2508 2635 2547 2695 a8
2579 2635 2624 2695 b*
2649 2635 2662 2695 8
2694 2636 2874 2696 unsigned
2912 2639 3035 2699 leaves
3067 2639 3298 2699 (containing
3331 2639 3408 2699 four
3433 2639 3562 2699 maps)
3588 2639 3626 2699 es
3652 2639 3722 2699 fg

2296 2687 2385 2747 (map
2427 2687 2468 2747 of
2498 2687 2712 2747 Palestine)
2735 2687 2830 2747 h-n8
2860 2687 2901 2747 o°
2931 2687 2949 2747 p
2984 2690 3026 2750 q'
3050 2687 3085 2747 r“
3109 2687 3228 2747 s-zz'.
3287 2687 3353 2747 168
3394 2687 3536 2747 leaves.
3596 2680 3667 2740 32:
3703 2687 3744 2747 42

2284 2735 2399 2795 lines,
2429 2735 2526 2795 197X
2557 2735 2617 2795 125
2648 2735 2745 2795 mm.
2806 2734 2946 2794 Type:
2970 2735 3036 2795 93.
3091 2735 3237 2795 Three-
3267 2739 3297 2799 to
3334 2739 3407 2799 six-
3431 2739 3504 2799 and
3540 2739 3735 2799 eight-line

2295 2787 2440 2847 spaces,
2465 2787 2562 2847 some
2593 2784 2672 2844 with
2696 2783 2982 2843 guide-letters.
3037 2787 3128 2847 Hain
3164 2788 3274 2848 3963.

2354 2859 2425 2919 300
2454 2861 2476 2921 X
2504 2858 2584 2918 201
2612 2862 2727 2922 mm.
2792 2862 2993 2922 Wanting
3022 2862 3094 2922 the
3122 2862 3209 2922 last
3223 2867 3331 2927 leaf,
3352 2866 3561 2926 probably
3597 2862 3747 2922 blank.

2300 2922 2388 2982 The
2417 2922 2557 2982 larger
2586 2922 2710 2982 maps
2740 2922 2806 2982 are
2842 2922 3047 2982 mounted
3085 2922 3128 2982 on
3165 2926 3304 2986 linen.

3531 2922 3625 2982 IB.
3643 2926 3747 2986 340.

2362 3766 2611 3826 Impressum
2660 3768 2734 3828 est
2752 3770 2876 3830 autem
2925 3770 3009 3830 hoc
3033 3770 3091 3830 ipm
3140 3771 3174 3831 in
3207 3774 3349 3834 inclita
3423 3774 3614 3834 ciuitate
3638 3773 3737 3833 Mo¬

2292 3826 2501 3886 guntina,
2528 3830 2612 3890 que
2653 3830 2702 3890 ab
2743 3830 2938 3890 antiquis
2979 3833 3028 3893 au
3070 3834 3139 3894 rea
3188 3834 3423 3894 Moguntia
3466 3834 3604 3894 dicta.
3632 3834 3681 3894 ac
3715 3834 3736 3894 a

2294 3886 2434 3946 magis
2471 3886 2516 3946 id
2560 3886 2627 3946 est
2663 3888 2709 3948 sa
2746 3890 2975 3950 pientibus
3012 3890 3064 3950 vt
3108 3890 3242 3950 fertur
3286 3894 3493 3954 primitus
3538 3894 3738 3954 fundata.

2290 3942 2328 4002 in
2366 3946 2451 4006 qua
2489 3947 2758 4007 nobilissima
2797 3950 2973 4010 ciuitate
3012 3950 3028 4010 i
3058 3950 3127 4010 ars
3166 3950 3212 4010 ac
3250 3951 3427 4011 scientia
3527 3954 3612 4014 hec
3635 3954 3734 4014 sub¬

2294 4004 2485 4064 tilissima
2517 4010 2855 4070 caracterisandi
2870 4010 2932 4070 seu
2963 4010 3093 4070 impri
3125 4010 3278 4070 mendi
3293 4010 3371 4070 fuit
3393 4014 3539 4074 primum
3555 4014 3747 4074 inuenta.

2298 4066 2543 4126 Impressum
2650 4067 2719 4127 est
2749 4070 2910 4130 inquam
2972 4070 3041 4130 sub
3087 4070 3456 4130 Archipresulatu
3501 4074 3700 4134 Reueren

2290 4123 2470 4183 dissimi
2500 4126 2523 4186 1
2560 4130 2832 4190 Dignissimi
2863 4130 3074 4190 principis
3112 4130 3134 4190 a
3165 4130 3270 4190 dnii.
3300 4130 3346 4190 do
3391 4134 3505 4194 mini
3535 4130 3738 4190 Bertoldi

2294 4186 2621 4246 archiepiscopi
2669 4186 2871 4246 Mogûtin
2988 4190 3036 4250 ac
3090 4190 3301 4250 principis
3348 4190 3559 4250 electoris
3613 4190 3738 4250 cuius

2292 4246 2543 4306 felicissimo
2577 4246 2621 4306 au
2664 4246 2794 4306 spicio
2829 4250 3054 4310 graditur.
3080 4250 3296 4310 recipitur
3323 4250 3341 4310 z
3375 4254 3687 4314 auctorisatur.

2294 4302 2421 4362 Anno
2451 4306 2602 4366 salutis
2632 4306 2866 4366 Millesimo
2903 4310 3235 4370 Quadringente
3280 4310 3386 4370 simo
3424 4314 3725 4374 Nonagesimo

2293 4363 2457 4423 primo.
2516 4366 2598 4426 Die
2627 4366 2724 4426 vero
2761 4366 2799 4426 lo
2843 4368 2910 4428 uis
2933 4370 3133 4430 vicesima
3171 4370 3305 4430 tercia
3334 4370 3497 4430 mensis
3527 4372 3668 4432 Iunij.

2336 4434 2464 4494 Folio.
2478 4434 2777 4494 ABCZa-18/6
2797 4433 2981 4493 men-y3/6
2994 4428 3029 4488 28
3070 4434 3205 4494 aa-ii8/
3239 4437 3348 4497 kkll,
3354 4434 3368 4494 7
3389 4442 3586 4502 numbered
3613 4440 3735 4500 sheets

2284 4478 2316 4538 in
2347 4482 2416 4542 two
2447 4482 2593 4542 quires,
2611 4485 2655 4545 of
2680 4486 2788 4546 eight
2807 4486 2876 4546 and
2914 4486 2964 4546 six
2996 4486 3141 4546 leaves,
3166 4486 3216 4546 A?
3241 4486 3368 4546 B-E“.
3412 4492 3481 4552 454
3512 4490 3657 4550 leaves,
3670 4490 3726 4550 the

2285 4527 2362 4587 last
2381 4530 2516 4590 blank.
2548 4534 2689 4594 Double
2721 4534 2907 4594 columns.
2946 4534 2985 4594 22
3004 4534 3017 4594 :
3042 4534 3081 4594 48
3113 4536 3222 4596 lines,
3241 4534 3306 4594 221
3325 4535 3338 4595 X
3363 4538 3428 4598 141
3447 4538 3543 4598 mm.
3582 4538 3735 4598 Types:

2283 4578 2346 4638 92,
2375 4579 2480 4639 text;
2521 4586 2608 4646 155,
2643 4582 2828 4642 headings
2864 4582 2933 4642 and
2973 4583 3212 4643 head-lines.
3270 4586 3491 4646 Numerous
3525 4586 3740 4646 woodcuts.

2291 4626 2429 4686 Three-
2459 4627 2532 4687 and
2574 4630 2780 4690 seven-line
2822 4633 2955 4693 spaces
2997 4633 3052 4693 for
3088 4634 3264 4694 capitals,
3294 4634 3379 4694 with
3421 4638 3560 4698 printed
3602 4638 3729 4698 guide¬

2285 4678 2431 4738 letters,
2452 4681 2584 4741 except
2604 4682 2633 4742 in
2660 4682 2715 4742 the
2744 4682 2945 4742 Tractatus
2973 4682 3015 4742 de
3036 4682 3202 4742 Herbis.
3251 4686 3349 4746 Hain
3376 4690 3515 4750 18944.
