4081 5700
337 532 395 592 12,
416 529 489 589 title
511 528 519 588 ;
548 526 584 586 1b
635 527 693 587 cut
708 524 723 584 ;
781 524 964 584 22-2482,
986 528 1183 588 Tractatus
1219 525 1255 585 de
1284 525 1438 585 herbis.
1496 520 1591 580 249e
1627 520 1700 580 title
1722 520 1736 580 :

289 582 486 642 Tractatus
506 576 554 636 de
581 576 820 636 Animalibus
894 576 989 636 vitam
1037 574 1064 634 in
1098 575 1206 635 terris
1241 573 1438 633 ducentium
1479 572 1493 632 ;
1520 568 1622 628 2490,
1649 568 1710 628 cut
1723 568 1737 628 ;

291 625 513 685 250à-298b,
543 623 635 683 text.
700 621 815 681 2992,
844 622 922 682 title
945 620 959 680 :
987 624 1195 684 Tractatus
1224 621 1267 681 de
1303 624 1446 684 Auibus
1468 620 1483 680 ;
1519 616 1626 676 299b,
1655 619 1712 679 cut
1726 616 1740 676 ;

1501 664 1722 724 3652-408b

299 676 517 736 3008-3348,
540 672 638 732 text.
698 667 924 727 3352—3648,
947 672 1144 732 Tractatus
1174 672 1219 732 de
1249 672 1445 732 Piscibus.

294 724 487 784 Tractatus
517 724 562 784 de
591 720 822 780 Lapidibus.
882 717 993 777 4092,
1008 720 1083 780 title
1097 720 1112 780 :
1142 720 1343 780 Tractatus
1372 719 1417 779 de
1447 720 1603 780 Vrinis;
1625 711 1736 771 410*-

297 776 397 836 4222,
412 776 490 836 text
497 776 513 836 ;
558 772 790 832 4232-4532,
806 772 944 832 tables.
991 771 1106 831 4530,
1121 772 1329 832 conclusion
1360 768 1429 828 and
1460 768 1668 828 colophon.

352 858 424 918 279
452 856 466 916 X
502 860 575 920 193
603 860 710 920 mm.
761 856 1026 916 Imperfect,
1048 856 1227 916 wanting
1256 858 1400 918 leaves
1428 857 1500 917 422
1537 856 1608 916 and
1637 864 1715 924 454

298 924 356 984 the
392 921 525 981 latter
554 920 714 980 blank.
773 916 905 976 Some
948 917 1139 977 margins
1175 920 1394 980 mended.
1461 916 1738 976 Manuscript

299 978 600 1038 guide-letters
625 977 902 1037 throughout
934 976 998 1036 the
1029 976 1267 1036 Tractatus
1299 976 1347 1036 de
1379 976 1569 1036 Herbis.
1617 976 1728 1036 With

298 1043 359 1103 the
399 1040 529 1100 name
590 1040 783 1100 Ioannis
821 1036 1021 1096 Baptistæ
1083 1040 1275 1100 Pinelli'
1314 1036 1514 1096 stamped
1568 1036 1614 1096 on
1660 1036 1729 1096 the

302 1103 460 1163 margin
491 1103 538 1163 of
570 1101 585 1161 A
624 1104 679 1164 ij.

1515 1190 1610 1250 IB.
1631 1200 1746 1260 343.

358 1194 419 1254 Sir
453 1196 611 1256 Joseph
646 1196 829 1256 Banks's
855 1193 995 1253 copy.

302 1353 546 1413 Another
574 1352 737 1412 copy.

363 1444 468 1504 280X
507 1448 582 1508 191
612 1447 725 1507 mm.
779 1448 1042 1508 Imperfect,
1073 1448 1254 1508 wanting
1299 1447 1368 1507 the
1405 1447 1504 1507 first
1534 1444 1617 1504 five
1655 1443 1730 1503 and

307 1508 368 1568 the
395 1511 477 1571 last
511 1505 633 1565 seven
668 1506 838 1566 leaves.
892 1504 1267 1564 Initial-strokes,
1294 1504 1750 1564 paragraph-marks,

305 1569 378 1629 and
422 1564 671 1624 underlines
707 1567 743 1627 in
788 1567 882 1627 red.
948 1568 1146 1628 Capitals
1182 1568 1218 1628 in
1262 1568 1335 1628 red
1379 1568 1460 1628 and
1511 1564 1636 1624 blue,
1665 1563 1730 1623 the

307 1628 528 1688 woodcuts
563 1624 770 1684 coloured
825 1624 860 1684 in
901 1627 1005 1687 red,
1040 1628 1199 1688 green,
1227 1624 1400 1684 brown,
1427 1628 1503 1688 and
1559 1624 1738 1684 yellow.

305 1688 426 1748 Early
469 1688 742 1748 manuscript
770 1688 899 1748 notes
928 1688 964 1748 in
1007 1688 1222 1748 English.
1279 1686 1344 1746 On
1380 1688 1472 1748 sig.
1501 1690 1559 1750 tg,
1580 1686 1623 1746 at
1659 1683 1730 1743 the

305 1748 530 1808 beginning
573 1748 622 1808 of
650 1747 714 1807 the
763 1746 1003 1806 Tractatus
1032 1748 1081 1808 de
1116 1748 1314 1808 Avibus,
1335 1748 1406 1808 are
1441 1748 1610 1808 painted
1653 1744 1731 1804 two

309 1812 421 1872 coats
452 1808 496 1868 of
521 1808 658 1868 arms.

363 1899 430 1959 Sir
456 1904 582 1964 Hans
606 1904 817 1964 Sloane's
841 1904 975 1964 copy.

1537 1902 1624 1962 IB.
1644 1907 1751 1967 344.

309 2061 720 2121 FRIEDRICH
805 2060 920 2120 III.
1007 2061 1227 2121 Vertrag
1303 2062 1399 2122 und
1465 2060 1732 2120 Richtung

369 2144 717 2204 kaiserlicher
761 2140 1029 2200 Majestät
1065 2140 1163 2200 mit
1208 2142 1431 2202 Herzog
1475 2140 1752 2200 Albrecht

1306 2220 1362 2280 16
1408 2224 1568 2284 June,
1597 2222 1755 2282 1492.

378 2227 468 2287 von
508 2224 824 2284 München.

374 2314 428 2374 12.
451 2316 650 2376 TITLE:
696 2316 788 2376 Der
826 2320 995 2380 vertrag
1041 2318 1117 2378 vnd
1164 2320 1363 2380 richtung
1409 2320 1493 2380 key
1531 2316 1745 2376 serlicher

313 2380 524 2440 maiestat,
546 2381 627 2441 mit
648 2380 824 2440 hertzog
897 2380 1145 2440 Albrechte
1175 2380 1211 2440 vö
1248 2380 1489 2440 Munchen.
1511 2376 1554 2436 vö

312 2437 376 2497 der
412 2440 499 2500 stat
535 2436 859 2496 Regenspurg.
888 2440 967 2500 mit
1068 2440 1226 2500 sampt
1262 2440 1420 2500 andern
1471 2436 1630 2496 puncté
1673 2432 1744 2492 der

306 2501 425 2561 gebru
470 2500 544 2560 der
574 2500 635 2560 vn
657 2500 792 2560 furste
829 2496 1053 2556 cristoffel
1075 2496 1143 2556 vn
1165 2500 1269 2560 wolf
1300 2496 1411 2556 gang
1449 2496 1740 2556 pfaltzgrafen

318 2558 362 2618 by
391 2559 463 2619 ryn
500 2560 580 2620 vnd
661 2560 880 2620 hertzogen
901 2556 938 2616 in
975 2560 1172 2620 Beyern.
1186 2559 1252 2619 ie.
1311 2560 1434 2620 Auch
1529 2556 1639 2616 vonn
1675 2552 1748 2612 der

319 2620 573 2680 geselschaft
605 2623 645 2683 jm
708 2617 843 2677 lewen
891 2620 1049 2680 bundt.
1073 2619 1145 2679 ic.
1200 2612 1264 2672 6°.
1295 2617 1605 2677 COLOPHON:
1661 2611 1756 2671 Vo¬

315 2680 461 2740 lendet
484 2684 523 2744 am
576 2680 638 2740 tag
676 2680 777 2740 nach
815 2680 930 2740 Viti.
946 2680 985 2740 jm
1038 2680 1161 2740 .xcij.
1176 2680 1292 2740 jare.

360 2768 521 2828 Quarto.
559 2768 578 2828 6
611 2768 759 2828 leaves,
778 2768 816 2828 of
835 2768 951 2828 which
983 2768 1054 2828 2-4
1080 2768 1132 2828 are
1163 2768 1292 2828 signed
1330 2768 1408 2828 with
1440 2764 1639 2824 numbers.
1690 2756 1754 2816 22:

322 2816 358 2876 31
388 2819 497 2879 lines,
527 2818 684 2878 143x97
714 2820 811 2880 mm.
860 2816 926 2876 4°:
956 2819 992 2879 32
1028 2816 1143 2876 lines,
1167 2812 1331 2872 147X97
1361 2816 1458 2876 mm.
1506 2812 1663 2872 Types:
1693 2816 1754 2876 92,

315 2864 388 2924 text
400 2868 412 2928 ;
436 2868 521 2928 155,
539 2868 636 2928 title.
685 2868 965 2928 Thirteen-line
989 2865 1165 2925 woodeut
1189 2864 1329 2924 capital
1347 2864 1365 2924 W
1414 2864 1457 2924 on
1487 2860 1549 2920 22.

369 2954 451 3014 181
474 2956 489 3016 X
526 2952 601 3012 137
638 2960 758 3020 mm.

383 3050 549 3110 Bought
578 3056 609 3116 in
647 3056 776 3116 June,
795 3060 932 3120 1845.

1535 3047 1637 3107 IA.
1657 3059 1769 3119 345.

320 4189 848 4249 DIRECTORIUM
953 4192 1281 4252 MISSAE.
1387 4188 1724 4248 Directorium

387 4268 571 4328 missae
648 4276 924 4336 secundum
1024 4276 1423 4336 frequentiorem
1530 4272 1722 4332 cursum

392 4345 610 4405 diocesis
658 4356 1134 4416 Moguntinensis.

1247 4356 1400 4416 [Not
1420 4352 1551 4412 after
1582 4357 1733 4417 1493.

382 4425 438 4485 12.
466 4434 742 4494 Directorium
799 4440 926 4500 misse
947 4436 961 4496 ;
1018 4440 1082 4500 22.
1110 4440 1152 4500 In
1188 4440 1343 4500 psenti
1372 4436 1513 4496 libello
1555 4436 1761 4496 cotinen¬

319 4482 389 4542 tur
417 4495 678 4555 aliquap
720 4500 1015 4560 celebratione
1058 4500 1241 4560 missaru
1283 4496 1395 4556 sed'm
1452 4496 1747 4556 frequentiore

324 4544 467 4604 cursum
528 4552 711 4612 diocesis
759 4556 854 4616 Maz
895 4558 1133 4618 guntinenn,
1173 4556 1405 4616 directoria
1452 4552 1527 4612 pro
1575 4556 1650 4616 pte
1697 4555 1745 4615 ex

322 4602 498 4662 registro
541 4616 760 4676 ordinario
809 4617 852 4677 et
894 4620 915 4680 p
972 4616 1043 4676 pte
1092 4616 1134 4676 ex
1191 4616 1290 4676 qui¬
1325 4616 1495 4676 busdam
1558 4612 1756 4672 expertis

328 4664 514 4724 psbiteris
561 4672 734 4732 eiusdem
801 4676 988 4736 diocesis
1034 4676 1214 4736 collecta
1267 4676 1314 4736 et
1347 4676 1368 4736 p
1421 4676 1608 4736 nouellis
1707 4670 1754 4730 et

321 4727 529 4787 ruralibus
557 4733 723 4793 clericis
759 4740 1040 4800 experientiam
1068 4738 1219 4798 plenam
1276 4736 1470 4796 eorundem
1506 4736 1564 4796 non
1592 4736 1757 4796 haben¬

1801 532 2255 592 GREGORIUS
2313 528 2361 588 I.
2440 528 2748 588 Explanatio
2797 528 2836 588 in
2874 520 3048 580 septem
3117 523 3253 583 psal¬

2720 586 2799 646 730
2849 604 3068 664 March,
3098 604 3258 664 1495.

1869 616 1984 676 mos
2017 612 2427 672 penitentiales.

1863 690 1925 750 12.
1948 695 2144 755 TITLE:
2190 692 2456 752 Beatissimi
2487 688 2697 748 Gregorij
2721 691 2837 751 pape
2931 688 3080 748 tocius
3111 688 3243 748 ecclie

1806 758 1977 818 luminis
2033 756 2235 816 pclarissi
2267 752 2337 812 mi
2384 752 2423 812 in
2478 752 2603 812 septe
2657 752 2853 812 psalmos
2899 747 3126 807 penitenti
3158 743 3251 803 sales

1799 816 2059 876 explanatio
2097 812 2289 872 admodu
2335 812 2427 872 vtil.
2488 808 2580 868 822.
2610 810 2872 870 COLOPHON
2902 807 2918 867 :
2963 808 3239 868 Explanatio

1802 876 2054 936 beatissimi
2070 872 2277 932 Gregorij
2299 872 2411 932 pape
2433 870 2463 930 in
2493 869 2641 929 septem
2715 872 2916 932 psalmos
2938 864 3250 924 penitentiales

1803 936 1897 996 finit
1920 936 2155 996 foeliciter.
2218 932 2444 992 Impressa
2514 928 2749 988 Maguntie
2780 928 2851 988 per
2882 927 3046 987 lacobum
3070 926 3257 986 Meden¬

1803 998 1900 1058 bach
1938 996 2059 1056 ciuem
2111 994 2172 1054 ibi
2195 993 2330 1053 sdem.
2391 992 2518 1052 Anno
2564 992 2579 1052 a
2617 990 2738 1050 partu
2783 984 2964 1044 virginis
3001 987 3257 1047 salutifero.

1802 1052 1969 1112 Millesi
1999 1056 2072 1116 mo
2101 1052 2516 1112 Quadringentesimo
2553 1048 3042 1108 Nonagesimoquinto.
3063 1047 3122 1107 die

1798 1116 2046 1176 penultima
2083 1115 2248 1175 mensis
2278 1112 2458 1172 Marcij.

1862 1199 2017 1259 Quarto.
2045 1194 2136 1254 a-n8
2157 1192 2214 1252 o'.
2242 1192 2277 1252 82
2305 1192 2453 1252 leaves.
2489 1190 2559 1250 2b:
2587 1192 2629 1252 32
2651 1192 2763 1252 lines,
2784 1188 2883 1248 147X
2904 1188 2946 1248 85
2975 1184 3066 1244 mm.
3101 1184 3256 1244 Types:

1805 1248 1862 1308 92,
1890 1248 1998 1308 text;
2034 1244 2120 1304 155,
2142 1244 2220 1304 title
2257 1240 2328 1300 and
2364 1241 2572 1301 headings.
2615 1240 2730 1300 Two-
2759 1240 2794 1300 to
2823 1236 2996 1296 four-line
3031 1236 3168 1296 spaces
3203 1234 3253 1294 for

1799 1296 1985 1356 capitals.
2032 1296 2132 1356 Hain
2166 1291 2305 1351 77941.

1868 1370 1986 1430 194X
2018 1368 2098 1428 135
2145 1372 2256 1432 mm.
2327 1368 2423 1428 The
2462 1368 2597 1428 name
2644 1364 2842 1424 Gregory
2889 1364 2930 1424 is
2977 1360 3143 1420 altered
3191 1359 3246 1419 by

1793 1432 1843 1492 an
1893 1432 2015 1492 early
2058 1432 2173 1492 hand
2223 1431 2259 1491 in
2310 1428 2381 1488 the
2417 1427 2539 1487 title,
2575 1428 2762 1488 heading
2813 1424 2855 1484 of
2891 1424 3136 1484 prologue,
3164 1424 3243 1484 and

1802 1493 2054 1553 colophon,
2077 1495 2106 1555 to
2143 1492 2374 1552 Innocent
2404 1488 2500 1548 III.

3048 1567 3134 1627 IA.
3160 1572 3266 1632 349.

1867 1576 2053 1636 Bought
2078 1576 2111 1636 in
2143 1574 2371 1634 October,
2395 1569 2524 1629 1867.

1808 1704 2369 1764 GUILLERMUS,
2401 1696 2698 1756 Episcopus
2729 1692 3080 1752 Parisiensis.
3142 1691 3271 1751 Dia¬

2975 1772 3273 1832 Undated.

1877 1784 2029 1844 logus
2063 1784 2122 1844 de
2157 1784 2343 1844 septem
2402 1778 2792 1838 sacramentis.

1874 1867 1929 1927 12.
1961 1871 2152 1931 TITLE:
2175 1872 2350 1932 Gerson
2430 1868 2668 1928 Dyalogus
2700 1864 2955 1924 doctissimi
3026 1863 3113 1923 viri
3137 1863 3264 1923 Guil¬

1810 1934 1956 1994 hermi
1978 1932 2056 1992 epi
2087 1936 2178 1996 Pari
2210 1932 2363 1992 siensis
2395 1932 2441 1992 de
2480 1929 2595 1989 septe
2633 1928 2865 1988 sacmêtis.

1854 2016 2024 2076 Quarto.
2070 2012 2188 2072 A-N°
2208 2006 2260 2066 O4
2280 2004 2339 2064 P6.
2384 2008 2424 2068 88
2457 2009 2608 2069 leaves,
2621 2008 2660 2068 of
2679 2008 2797 2068 which
2830 2005 2922 2065 2-82
2948 2008 3008 2068 are
3040 2004 3269 2064 numbered.

1807 2063 1881 2123 2b:
1907 2062 1947 2122 30
1974 2064 2088 2124 lines,
2108 2064 2168 2124 138
2187 2064 2201 2124 x
2228 2064 2268 2124 81
2295 2062 2395 2122 mm.
2442 2057 2602 2117 Types:
2622 2056 2689 2116 92,
2709 2056 2809 2116 text;
2835 2052 2923 2112 155,
2943 2056 3016 2116 title
3042 2056 3110 2116 and
3143 2052 3263 2112 head-

1808 2112 1923 2172 lines.
1977 2115 2168 2175 Four-line
2215 2112 2350 2172 spaces
2392 2112 2453 2172 for
2493 2108 2677 2168 capitals.
2738 2104 2969 2164 Head-lines
3016 2104 3267 2164 throughout.

1813 2164 1910 2224 Hain
1955 2161 2091 2221 18310.

1872 2240 1991 2300 190X
2028 2240 2103 2300 127
2132 2240 2244 2300 mm.
2304 2236 2595 2296 Manuscript
2618 2234 2766 2294 notes.

3049 2319 3141 2379 IA.
3159 2330 3279 2390 353.

1875 2328 2060 2388 Bought
2083 2328 2116 2388 in
2156 2328 2285 2388 July,
2308 2324 2437 2384 1867.

2978 2456 3262 2516 Undated.

1827 2468 2337 2528 TOTENTANZ.

1883 2546 1917 2606 12
1967 2548 2160 2608 TITLE:
2211 2548 2303 2608 Der
2355 2548 2498 2608 Doten
2556 2544 2691 2604 dantz
2741 2544 2826 2604 mit
2860 2536 3061 2596 figuren.
3121 2536 3263 2596 Clage

1818 2613 1892 2673 ynd
1966 2611 2189 2671 Antwort
2219 2608 2345 2668 schon
2382 2608 2456 2668 von
2493 2608 2597 2668 allen
2634 2602 2768 2662 staten
2804 2600 2879 2660 der
2909 2600 3027 2660 welt.

1863 2688 1997 2748 Folio.
2045 2685 2180 2745 ABSC
2220 2680 2298 2740 De.
2346 2683 2386 2743 22
2425 2680 2568 2740 leaves.
2615 2678 2711 2738 Two
2742 2679 2940 2739 columns,
2965 2672 3106 2732 except
3139 2672 3178 2732 on
3225 2668 3265 2728 10

1816 2736 1883 2796 and
1921 2736 2011 2796 21b.
2071 2733 2222 2793 Types:
2261 2732 2328 2792 92,
2351 2732 2434 2792 text
2449 2732 2464 2792 ;
2494 2728 2578 2788 155,
2600 2728 2684 2788 title
2714 2728 2789 2788 and
2819 2724 3031 2784 headings.
3076 2722 3159 2782 Six-
3189 2723 3257 2783 and

1810 2786 2022 2846 seven-line
2053 2784 2186 2844 spaces
2217 2784 2272 2844 for
2303 2780 2484 2840 capitals,
2507 2780 2586 2840 with
2617 2776 2907 2836 guide-letters.
2961 2772 3048 2832 One
3080 2770 3150 2830 full
3173 2767 3267 2827 page

1824 2832 1938 2892 (222),
1963 2836 2061 2896 three
2085 2832 2363 2892 three-quarter
2389 2832 2486 2892 page
2520 2828 2683 2888 (12-22),
2707 2827 2773 2887 and
2806 2824 2847 2884 38
2880 2820 3068 2880 half-page
3101 2816 3272 2876 (20-214)

1811 2884 2033 2944 woodcuts.

1876 2964 2000 3024 270X
2035 2960 2110 3020 185
2138 2960 2248 3020 mm.

3062 3035 3154 3095 IB.
3163 3042 3275 3102 357.

1883 3040 2072 3100 Bought
2097 3047 2128 3107 in
2168 3044 2302 3104 June,
2327 3040 2461 3100 1872.

1822 4182 1940 4242 tibus
2050 4183 2123 4243 hic
2159 4180 2361 4240 breuiter
2406 4176 2635 4236 annotata,
2672 4168 2809 4228 saluis
2854 4160 3001 4220 tamen
3038 4162 3248 4222 cuiuscuq

1822 4244 1999 4304 ecclesie
2033 4240 2329 4300 consuetudini
2357 4239 2463 4299 bus.

1876 4324 2039 4384 Quarto.
2076 4318 2221 4378 a8bcé.
2267 4317 2303 4377 20
2330 4318 2476 4378 leaves.
2503 4312 2566 4372 8b:
2594 4308 2639 4368 36
2657 4309 2776 4369 lines,
2794 4308 2885 4368 146x
2912 4304 2957 4364 94
2985 4304 3085 4364 mm.
3121 4304 3275 4364 Types:

1824 4376 1914 4436 141,
1929 4372 2145 4432 head-lines
2167 4369 2234 4429 and
2264 4370 2339 4430 title
2361 4368 2376 4428 ;
2399 4366 2458 4426 81,
2480 4363 2570 4423 text.

1890 4452 2017 4512 177X
2038 4452 2123 4512 131
2164 4454 2281 4514 mm.
2334 4451 2409 4511 On
2451 4447 2525 4507 the
2567 4440 2652 4500 last
2704 4438 2810 4498 page
2853 4436 2885 4496 is
2927 4436 2948 4496 a
3001 4436 3276 4496 manuscript

1829 4516 1960 4576 note,
1982 4516 2124 4576 partly
2167 4516 2342 4576 erased,
2363 4504 2593 4564 beginning
2647 4498 2768 4558 Istuz
2800 4496 2910 4556 librù
2953 4496 3161 4556 possidet
3183 4494 3269 4554 diis

1827 4576 1999 4636 nicolas
2028 4576 2241 4636 dilleburg
2281 4568 2462 4628 plebans
2493 4561 2593 4621 huis
2613 4559 2845 4619 ecclesie',
2865 4557 2946 4617 and
2976 4556 3188 4616 ending'
3198 4552 3268 4612 ide

1824 4640 1906 4700 dns
1938 4636 2103 4696 nicolas
2133 4632 2341 4692 inligauit
2361 4628 2454 4688 istum
2465 4624 2589 4684 librum
2599 4624 2631 4684 in
2661 4620 2775 4680 anno
2806 4617 2879 4677 dni
2910 4618 3054 4678 1493.

3053 4708 3147 4768 IA.
3165 4711 3277 4771 363.

1890 4728 2104 4788 Bought.
